@article{SMcore,
title = {A Model of Leptons},
author = {Weinberg, Steven},
journal = {Phys. Rev. Lett.},
volume = {19},
issue = {21},
pages = {1264--1266},
numpages = {0},
year = {1967},
month = {Nov},
publisher = {American Physical Society},
doi = {10.1103/PhysRevLett.19.1264},
url = {https://link.aps.org/doi/10.1103/PhysRevLett.19.1264}
}
@article{observation-qurak1,
title = {High-Energy Inelastic $e\ensuremath{-}p$ Scattering at 6\ifmmode^\circ\else\textdegree\fi{} and 10\ifmmode^\circ\else\textdegree\fi{}},
author = {Bloom, E. D. and Coward, D. H. and DeStaebler, H. and Drees, J. and Miller, G. and Mo, L. W. and Taylor, R. E. and Breidenbach, M. and Friedman, J. I. and Hartmann, G. C. and Kendall, H. W.},
journal = {Phys. Rev. Lett.},
volume = {23},
issue = {16},
pages = {930--934},
numpages = {0},
year = {1969},
month = {Oct},
publisher = {American Physical Society},
doi = {10.1103/PhysRevLett.23.930},
url = {https://link.aps.org/doi/10.1103/PhysRevLett.23.930}
}
@article{observation-qurak2,
title={OBSERVED BEHAVIOR OF HIGHLY INELASTIC ELECTRON-PROTON SCATTERING},
author={Martin Breidenbach and Jerome I. Friedman and Henry Way Kendall and Elliott D. Bloom and David Coward and DeStaebler Hc and J{\"u}rgen Drees and Luke W. Mo and Richard E. Taylor},
journal={Physical Review Letters},
year={1969},
volume={23},
pages={935-939}
}
@article{Dirac,
ISSN = {09501207},
URL = {http://www.jstor.org/stable/94981},
author = {P. A. M. Dirac},
journal = {Proceedings of the Royal Society of London. Series A, Containing Papers of a Mathematical and Physical Character},
number = {778},
pages = {610--624},
publisher = {The Royal Society},
title = {The Quantum Theory of the Electron},
volume = {117},
year = {1928}
}

@article{Gell-Mann,
title = {Symmetries of Baryons and Mesons},
author = {Gell-Mann, Murray},
journal = {Phys. Rev.},
volume = {125},
issue = {3},
pages = {1067--1084},
numpages = {0},
year = {1962},
month = {Feb},
publisher = {American Physical Society},
doi = {10.1103/PhysRev.125.1067},
url = {https://link.aps.org/doi/10.1103/PhysRev.125.1067}
}

@article{CKM,
author = {Kobayashi, Makoto and Maskawa, Toshihide},
title = "{CP-Violation in the Renormalizable Theory of Weak Interaction}",
journal = {Progress of Theoretical Physics},
volume = {49},
number = {2},
pages = {652-657},
year = {1973},
month = {02},
abstract = "{In a framework of the renormalizable theory of weak interaction, problems of CP-violation are studied. It is concluded that no realistic models of CP-violation exist in the quartet scheme without introducing any other new fields. Some possible models of CP-violation are also discussed.}",
issn = {0033-068X},
doi = {10.1143/PTP.49.652},
url = {https://doi.org/10.1143/PTP.49.652},
eprint = {https://academic.oup.com/ptp/article-pdf/49/2/652/5257692/49-2-652.pdf},
}



@article{Glashow,
title = {Partial-symmetries of weak interactions},
journal = {Nuclear Physics},
volume = {22},
number = {4},
pages = {579-588},
year = {1961},
issn = {0029-5582},
doi = {https://doi.org/10.1016/0029-5582(61)90469-2},
url = {https://www.sciencedirect.com/science/article/pii/0029558261904692},
author = {Sheldon L. Glashow},
abstract = {Weak and electromagnetic interactions of the leptons are examined under the hypothesis that the weak interactions are mediated by vector bosons. With only an isotopic triplet of leptons coupled to a triplet of vector bosons (two charged decay-intermediaries and the photon) the theory possesses no partial-symmetries. Such symmetries may be established if additional vector bosons or additional leptons are introduced. Since the latter possibility yields a theory disagreeing with experiment, the simplest partially-symmetric model reproducing the observed electromagnetic and weak interactions of leptons requires the existence of at least four vector-boson fields (including the photon). Corresponding partially-conserved quantities suggest leptonic analogues to the conserved quantities associated with strong interactions: strangeness and isobaric spin.}
}

@article{Salam,
author = "Salam, Abdus",
title = "{Weak and Electromagnetic Interactions}",
doi = "10.1142/9789812795915_0034",
journal = "Conf. Proc. C",
volume = "680519",
pages = "367--377",
year = "1968"
}
@article{Weinberg,
title = {A Model of Leptons},
author = {Weinberg, Steven},
journal = {Phys. Rev. Lett.},
volume = {19},
issue = {21},
pages = {1264--1266},
numpages = {0},
year = {1967},
month = {Nov},
publisher = {American Physical Society},
doi = {10.1103/PhysRevLett.19.1264},
url = {https://link.aps.org/doi/10.1103/PhysRevLett.19.1264}
}

@phdthesis{potential-plot,
author = {Özdal, Özer},
year = {2016},
month = {07},
pages = {},
title = {THE HIGGS BOSON AND RIGHT-HANDED NEUTRINOS IN SUPERSYMMETRIC MODELS},
doi = {10.13140/RG.2.2.18314.52165}
}
@techreport{ATLAS-CONF-2021-053,
title         = "{Combined measurements of Higgs boson production and decay
                  using up to $139$ fb$^{-1}$ of proton-proton collision data
                  at $\sqrt{s}= 13$ TeV collected with the ATLAS experiment}",
institution   = "CERN",
collaboration = "ATLAS Collaboration",
address       = "Geneva",
reportNumber  = "ATLAS-CONF-2021-053",
month         = "Nov",
year          = "2021",
url           = "https://cds.cern.ch/record/2789544",
}

@article{cmb,
title={Planck2013 results. I. Overview of products and scientific results},
volume={571},
ISSN={1432-0746},
url={http://dx.doi.org/10.1051/0004-6361/201321529},
DOI={10.1051/0004-6361/201321529},
journal={Astronomy and Astrophysics},
publisher={EDP Sciences},
author={Ade, P. A. R. and Aghanim, N. and others,},
year={2014},
month={Oct},
}

@ARTICLE{darkmatter-galaxy,
  author = {{Rubin}, V.~C. and {Ford}, W.~K., Jr. and {Thonnard}, N.},
  title = "{Rotational properties of 21 SC galaxies with a large range of luminosities and radii, from NGC 4605 (R=4kpc) to UGC 2885 (R=122kpc).}",
    year = 1980,
  month = jun,
  volume = {238},
  pages = {471-487},
    doi = {10.1086/158003},
  adsurl = {https://ui.adsabs.harvard.edu/abs/1980ApJ...238..471R},
adsnote = {Provided by the SAO/NASA Astrophysics Data System}
}

@article{darkmatter-lense,
title={The dark matter of gravitational lensing},
volume={73},
ISSN={1361-6633},
url={http://dx.doi.org/10.1088/0034-4885/73/8/086901},
DOI={10.1088/0034-4885/73/8/086901},
number={8},
journal={Reports on Progress in Physics},
publisher={IOP Publishing},
author={Massey, Richard and Kitching, Thomas and Richard, Johan},
year={2010},
month={Jul},
pages={086901} }

@article{darkenergy,
title={Observational Evidence from Supernovae for an Accelerating Universe and a Cosmological Constant},
volume={116},
ISSN={0004-6256},
url={http://dx.doi.org/10.1086/300499},
DOI={10.1086/300499},
number={3},
journal={The Astronomical Journal},
publisher={American Astronomical Society},
author={Supernova Search Team Collaboration},
year={1998},
month={Sep},
}   

@article{neutrino1,
title={First Results from KamLAND: Evidence for Reactor Antineutrino Disappearance},
volume={90},
ISSN={1079-7114},
url={http://dx.doi.org/10.1103/PhysRevLett.90.021802},
DOI={10.1103/physrevlett.90.021802},
number={2},
journal={Physical Review Letters},
publisher={American Physical Society (APS)},
author={Eguchi, K. et al.},
year={2003},
month={Jan} }   

@article{neutrino2,
title={Direct Evidence for Neutrino Flavor Transformation from Neutral-Current Interactions in the Sudbury Neutrino Observatory},
volume={89},
ISSN={1079-7114},
url={http://dx.doi.org/10.1103/PhysRevLett.89.011301},
DOI={10.1103/physrevlett.89.011301},
number={1},
journal={Physical Review Letters},
publisher={American Physical Society (APS)},
author={Ahmad, Q. R. et al.},
year={2002},
month={Jun} }
@article{GUT,
title = {Unity of All Elementary-Particle Forces},
author = {Georgi, Howard and Glashow, S. L.},
journal = {Phys. Rev. Lett.},
volume = {32},
issue = {8},
pages = {438--441},
numpages = {0},
year = {1974},
month = {Feb},
publisher = {American Physical Society},
doi = {10.1103/PhysRevLett.32.438},
url = {https://link.aps.org/doi/10.1103/PhysRevLett.32.438}
}
@article{2HDM-李政道,
  title = {A Theory of Spontaneous $T$ Violation},
  author = {Lee, T. D.},
  journal = {Phys. Rev. D},
  volume = {8},
  issue = {4},
  pages = {1226--1239},
  numpages = {0},
  year = {1973},
  month = {Aug},
  publisher = {American Physical Society},
  doi = {10.1103/PhysRevD.8.1226},
  url = {https://link.aps.org/doi/10.1103/PhysRevD.8.1226}
}


@article{SUSY,
title = {The search for supersymmetry: Probing physics beyond the standard model},
journal = {Physics Reports},
volume = {117},
number = {2},
pages = {75-263},
year = {1985},
issn = {0370-1573},
doi = {https://doi.org/10.1016/0370-1573(85)90051-1},
url = {https://www.sciencedirect.com/science/article/pii/0370157385900511},
author = {H.E. Haber and G.L. Kane},
abstract = {In this paper we survey methods by which supersymmetry (or other new physics) could be observed in experiments at present and future accelerators. We review some of the motivation for supposing supersymmetry might be a symmetry of nature even though there is presently no evidence for it. We try to systematize the necessary new notation, and discuss in some detail how to calculate results, with considerable emphasis on pedagogical completeness. We summarize present limits on the existence of supersymmetric partners of ordinary particles, and show how to get improved quantitative limits if supersymmetric particles are not detected, so that eventually it is possible to be sure they are either detected or do not exist on the mass scale accessible to experiments.}
}
@article{2HDM-Branco,
   title={Theory and phenomenology of two-Higgs-doublet models},
   volume={516},
   ISSN={0370-1573},
   url={http://dx.doi.org/10.1016/j.physrep.2012.02.002},
   DOI={10.1016/j.physrep.2012.02.002},
   number={1-2},
   journal={Physics Reports},
   publisher={Elsevier BV},
   author={Branco, G.C. and Ferreira, P.M. and Lavoura, L. and Rebelo, M.N. and Sher, Marc and Silva, João P.},
   year={2012},
   month={Jul},
   pages={1-102} }

@article{decoupling,
title = {Multi-scalar models with a high-energy scale},
journal = {Nuclear Physics B},
volume = {335},
number = {2},
pages = {363-394},
year = {1990},
issn = {0550-3213},
doi = {https://doi.org/10.1016/0550-3213(90)90499-4},
url = {https://www.sciencedirect.com/science/article/pii/0550321390904994},
author = {Howard E. Haber and Yosef Nir},
}
@article{EFT,
author = {Georgi, H},
title = {Effective Field Theory},
journal = {Annual Review of Nuclear and Particle Science},
volume = {43},
number = {1},
pages = {209-252},
year = {1993},
doi = {10.1146/annurev.ns.43.120193.001233},
URL = { 
        https://doi.org/10.1146/annurev.ns.43.120193.001233
},
eprint = { 
        https://doi.org/10.1146/annurev.ns.43.120193.001233   
}
}


@article{EFT-dimension-6,
   title={Dimension-six terms in the Standard Model Lagrangian},
   volume={2010},
   ISSN={1029-8479},
   url={http://dx.doi.org/10.1007/JHEP10(2010)085},
   DOI={10.1007/jhep10(2010)085},
   number={10},
   journal={Journal of High Energy Physics},
   publisher={Springer Science and Business Media LLC},
   author={Grzadkowski, B. and Iskrzyński, M. and Misiak, M. and Rosiek, J.},
   year={2010},
   month={Oct} }

@article{kl_mhh,
title={The measurement of the Higgs self-coupling at the LHC: theoretical status},
volume={2013},
ISSN={1029-8479},
url={http://dx.doi.org/10.1007/JHEP04(2013)151},
DOI={10.1007/jhep04(2013)151},
number={4},
journal={Journal of High Energy Physics},
publisher={Springer Science and Business Media LLC},
author={Baglio, J. and Djouadi, A. and Gröber, R. and Mühlleitner, M.M. and Quevillon, J. and Spira, M.},
year={2013},
month={Apr} }


@article{ML-review,
  title={Machine and deep learning applications in particle physics},
  volume={34},
  ISSN={1793-656X},
  url={http://dx.doi.org/10.1142/S0217751X19300199},
  DOI={10.1142/s0217751x19300199},
  number={35},
  journal={International Journal of Modern Physics A},
  publisher={World Scientific Pub Co Pte Lt},
  author={Bourilkov, Dimitri},
  year={2019},
  month={Dec},
  pages={1930019} }

  @misc{ML-whitepaper,
  title={Machine Learning in High Energy Physics Community White Paper}, 
  author={Kim Albertsson, Piero Altoe and others},
  year={2019},
  eprint={1807.02876},
  archivePrefix={arXiv},
  primaryClass={physics.comp-ph}
}
@article{Stats-for-pedestrian,
      author        = "Gross, Eilam",
      title         = "{LHC Statistics for Pedestrians}",
      year          = "2008",
      url           = "https://cds.cern.ch/record/1099994",
      doi           = "10.5170/CERN-2008-001.205",
}
@article{Neyman-Pearson,
  author = {Neyman, J. and Pearson, E. S.},
  biburl = {https://www.bibsonomy.org/bibtex/2dc06fe037c823ff6b4d95cc7d3cfe9c2/peter.ralph},
  copyright = {Copyright © 1933 The Royal Society},
  
  journal = {Philosophical Transactions of the Royal Society of London. Series A, Containing Papers of a Mathematical or Physical Character},
  pages = {289--337},
  publisher = {The Royal Society},
  title = {On the Problem of the Most Efficient Tests of Statistical Hypotheses},
  url = {http://www.jstor.org/stable/91247},
  volume = 231,
  year = 1933
}

@article{CLs,
      author        = "Read, A L",
      title         = "{Presentation of search results: the CL$_{s}$ technique}",
      journal       = "J. Phys. G",
      reportNumber  = "10",
      volume        = "28",
      pages         = "2693-704",
      year          = "2002",
      url           = "https://cds.cern.ch/record/722145",
      doi           = "10.1088/0954-3899/28/10/313",
}
@article{Glen-Cowan,
   title={Asymptotic formulae for likelihood-based tests of new physics},
   volume={71},
   ISSN={1434-6052},
   url={http://dx.doi.org/10.1140/epjc/s10052-011-1554-0},
   DOI={10.1140/epjc/s10052-011-1554-0},
   number={2},
   journal={The European Physical Journal C},
   publisher={Springer Science and Business Media LLC},
   author={Cowan, Glen and Cranmer, Kyle and Gross, Eilam and Vitells, Ofer},
   year={2011},
   month={Feb} }

  @article{look-elsewhere,
  title={Trial factors for the look elsewhere effect in high energy physics},
  volume={70},
  ISSN={1434-6052},
  url={http://dx.doi.org/10.1140/epjc/s10052-010-1470-8},
  DOI={10.1140/epjc/s10052-010-1470-8},
  number={1-2},
  journal={The European Physical Journal C},
  publisher={Springer Science and Business Media LLC},
  author={Gross, Eilam and Vitells, Ofer},
  year={2010},
  month={Oct},
  pages={525-530} }

@article{seesaw,
title={SEESAW MECHANISM AND ITS IMPLICATIONS},
url={http://dx.doi.org/10.1142/9789812702210_0003},
DOI={10.1142/9789812702210_0003},
journal={SEESAW 25},
publisher={WORLD SCIENTIFIC},
author={MOHAPATRA, R.N.},
year={2005},
month={Apr} }
@article{Sakharov,
author = "Sakharov, A. D.",
title = "{Violation of CP Invariance, C asymmetry, and baryon asymmetry of the universe}",
doi = "10.1070/PU1991v034n05ABEH002497",
journal = "Pisma Zh. Eksp. Teor. Fiz.",
volume = "5",
pages = "32--35",
year = "1967"
}

@article{Weinberg-FCNC,
  title = {Natural conservation laws for neutral currents},
  author = {Glashow, Sheldon L. and Weinberg, Steven},
  journal = {Phys. Rev. D},
  volume = {15},
  issue = {7},
  pages = {1958--1965},
  numpages = {0},
  year = {1977},
  month = {Apr},
  publisher = {American Physical Society},
  doi = {10.1103/PhysRevD.15.1958},
  url = {https://link.aps.org/doi/10.1103/PhysRevD.15.1958}
}

@article{HEFT1,
   title={The effective chiral Lagrangian for a light dynamical “Higgs particle”},
   volume={722},
   ISSN={0370-2693},
   url={http://dx.doi.org/10.1016/j.physletb.2013.04.037},
   DOI={10.1016/j.physletb.2013.04.037},
   number={4-5},
   journal={Physics Letters B},
   publisher={Elsevier BV},
   author={Alonso, R. and Gavela, M.B. and Merlo, L. and Rigolin, S. and Yepes, J.},
   year={2013},
   month={May},
   pages={330-335} }
   @article{HEFT2,
   title={Complete electroweak chiral Lagrangian with a light Higgs at NLO},
   volume={880},
   ISSN={0550-3213},
   url={http://dx.doi.org/10.1016/j.nuclphysb.2014.01.018},
   DOI={10.1016/j.nuclphysb.2014.01.018},
   journal={Nuclear Physics B},
   publisher={Elsevier BV},
   author={Buchalla, Gerhard and Catà, Oscar and Krause, Claudius},
   year={2014},
   month={Mar},
   pages={552-573} }
   @article{Carvalho:2015ttv,
   title={Higgs pair production: choosing benchmarks with cluster analysis},
   volume={2016},
   ISSN={1029-8479},
   url={http://dx.doi.org/10.1007/JHEP04(2016)126},
   DOI={10.1007/jhep04(2016)126},
   number={4},
   journal={Journal of High Energy Physics},
   publisher={Springer Science and Business Media LLC},
   author={Carvalho, Alexandra and Dall'Osso, Martino and Dorigo, Tommaso and Goertz, Florian and Gottardo, Carlo A. and Tosi, Mia},
   year={2016},
   month={Apr},
   pages={1-28} }
   @article{Capozi:2019xsi,
   title={Exploring anomalous couplings in Higgs boson pair production through shape analysis},
   volume={2020},
   ISSN={1029-8479},
   url={http://dx.doi.org/10.1007/JHEP03(2020)091},
   DOI={10.1007/jhep03(2020)091},
   number={3},
   journal={Journal of High Energy Physics},
   publisher={Springer Science and Business Media LLC},
   author={Capozi, M. and Heinrich, G.},
   year={2020},
   month={Mar} }
