@article{aad2020atlas,
  title="ATLAS data quality operations and performance for 2015--2018 data-taking",
  author="Aad, Georges and Abbott, Brad and Abbott, Dale Charles and Abud, Adam Abed and Abeling, Kira and Abhayasinghe, Deshan Kavishka and Abidi, Syed Haider and Abouzeid, Ossama and Abraham, Nicola and Abramowicz, Halina and others",
  journal="JINST",
  volume="15",
  number="04",
  pages="P04003",
  year="2020",
}
@article{bordry2013first,
  title="The first long shutdown (LS1) for the LHC",
  author="Bordry, F and Baird, S and Foraz, K and Perrot, AL and Saban, R and Tock, J Ph and others",
  year="2013",
  institution="CERN-ACC-2013-0084",
}
@article{LHC-Run2-Operation,
      author="Wenninger, Jorg",
      title="Operation and Configuration of the LHC in Run 2",
      month="Mar",
      year="2019",
      url="https://cds.cern.ch/record/2668326",
}

@article{alemany2013operation,
  title="Operation and Configuration of the LHC in Run 1",
  author="Alemany-Fernandez, R and Redaelli, S and Venturini, W and Solfaroli Camillocci, M and Macpherson, A and Ponce, L and Papotti, G and Wenninger, J and Gorzawski, A and Roy, G and others",
  year="2013",
}
@article{lebrun2009report,
  title="Report of the Task Force on the Incident of 19 September 2008 at the LHC",
  author="Lebrun, Ph and others",
  journal="CERN LHC Project Rep",
  volume="1168",
  year="2009",
}
@article{Blewett:1971zzb,
    author = "Blewett, J. P.",
    title = "200-GeV Intersecting Storage Accelerators",
    journal = "eConf",
    volume = "C710920",
    pages = "501",
    year = "1971",
}
@article{rossi2003lhc,
  title="The LHC superconducting magnets",
  author="Rossi, L",
  booktitle="Proceedings of the 2003 Particle Accelerator Conference",
  volume="1",
  pages="141--145",
  year="2003",
}
@article{LHCb-2008vvz,
    author = "Alves, Jr., A. Augusto and others",
    collaboration = "LHCb",
    title = "The LHCb Detector at the LHC",
    reportNumber = "LHCb-DP-2008-001",
    doi = "10.1088/1748-0221/3/08/S08005",
    journal = "JINST",
    volume = "3",
    pages = "S08005",
    year = "2008",
}

@article{ALICE-2008ngc,
    author = "Aamodt, K. and others",
    collaboration = "ALICE",
    title = "The ALICE experiment at the CERN LHC",
    doi = "10.1088/1748-0221/3/08/S08002",
    journal = "JINST",
    volume = "3",
    pages = "S08002",
    year = "2008",
}

@article{CMS-2008xjf,
    author = "Chatrchyan, S. and others",
    collaboration = "CMS",
    title = "The CMS Experiment at the CERN LHC",
    doi = "10.1088/1748-0221/3/08/S08004",
    journal = "JINST",
    volume = "3",
    pages = "S08004",
    year = "2008",
}
@article{PERF-2007-01,
    author         = "ATLAS Collaboration",
    title          = "{The ATLAS Experiment at the CERN Large Hadron Collider}",
    journal        = "JINST",
    volume         = "3",
    year           = "2008",
    pages          = "S08003",
    doi            = "10.1088/1748-0221/3/08/S08003",
    primaryClass   = "hep-ex",
}

@article{Blair:2007qn,
    author = "Blair, Robert and Dawson, John and Drake, Gary and Haberichter, William and Schlereth, James and Zhang, Jinlong and Abolins, Maris A. and Ermoline, Yuri and Pope, Bernard",
    title = "{The ATLAS High Level Trigger Region of Interest Builder}",
    eprint = "0711.3217",
    archivePrefix = "arXiv",
    primaryClass = "physics.ins-det",
    reportNumber = "ATL-DAQ-PUB-2007-001",
    doi = "10.1088/1748-0221/3/04/P04001",
    journal = "JINST",
    volume = "3",
    pages = "P04001",
    year = "2008"
}