@Article{HIGG-2012-27,
    author         = "{ATLAS Collaboration}",
    title          = "{Observation of a new particle in the search for the Standard Model Higgs boson with the ATLAS detector at the LHC}",
    journal        = "Phys. Lett. B",
    volume         = "716",
    year           = "2012",
    pages          = "1",
    doi            = "10.1016/j.physletb.2012.08.020",
    reportNumber   = "CERN-PH-EP-2012-218",
    eprint         = "1207.7214",
    archivePrefix  = "arXiv",
    primaryClass   = "hep-ex",
}

@Article{CMS-HIG-12-028,
    author         = "{CMS Collaboration}",
    title          = "{Observation of a new boson at a mass of 125 GeV with the CMS experiment at the LHC}",
    journal        = "Phys. Lett. B",
    volume         = "716",
    year           = "2012",
    pages          = "30",
    doi            = "10.1016/j.physletb.2012.08.021",
    reportNumber   = "CERN-PH-EP-2012-220",
    eprint         = "1207.7235",
    archivePrefix  = "arXiv",
    primaryClass   = "hep-ex",
}

@Article{PERF-2007-01,
    author         = "{ATLAS Collaboration}",
    title          = "{The ATLAS Experiment at the CERN Large Hadron Collider}",
    journal        = "JINST",
    volume         = "3",
    year           = "2008",
    pages          = "S08003",
    doi            = "10.1088/1748-0221/3/08/S08003",
    primaryClass   = "hep-ex",
}

@Article{ATLAS-IBL1,
    author         = "{ATLAS Collaboration}",
    title          = "{ATLAS Insertable B-Layer Technical Design Report}",
    reportNumber   = "ATLAS-TDR-19",
    year           = "2010",
    url            = "https://cds.cern.ch/record/1291633",
    title          = "{ATLAS Insertable B-Layer Technical Design Report Addendum}",
    reportNumber   = "ATLAS-TDR-19-ADD-1",
    year           = "2012",
    url            = "https://cds.cern.ch/record/1451888",
}


@Article{CMS-TDR-08-001,
    author         = "{CMS Collaboration}",
    title          = "{The CMS experiment at the CERN LHC}",
    journal        = "JINST",
    volume         = "3",
    year           = "2008",
    pages          = "S08004",
    doi            = "10.1088/1748-0221/3/08/S08004",
    primaryClass   = "hep-ex",
}

@Article{Evans:2008zzb,
      author         = "Evans, Lyndon and Bryant, Philip",
      title          = "{LHC Machine}",
      journal        = "JINST",
      volume         = "3",
      pages          = "S08001",
      doi            = "10.1088/1748-0221/3/08/S08001",
      year           = "2008",
      SLACcitation   = "%%CITATION = JINST,3,S08001;%%",
}

@Article{HIGG-2014-14,
    author         = "{ATLAS and CMS Collaborations}",
    title          = "{Combined Measurement of the Higgs Boson Mass in \(pp\) Collisions at \(\sqrt{s} = 7\) and \(8\,\text{TeV}\) with the ATLAS and CMS Experiments}",
    journal        = "Phys. Rev. Lett.",
    volume         = "114",
    year           = "2015",
    pages          = "191803",
    doi            = "10.1103/PhysRevLett.114.191803",
    eprint         = "1503.07589",
    archivePrefix  = "arXiv",
    primaryClass   = "hep-ex",
}

@Article{HIGG-2013-17-witherratum,
    author         = "{ATLAS Collaboration}",
    title          = "{Study of the spin and parity of the Higgs boson in diboson decays with the ATLAS detector}",
    journal        = "Eur. Phys. J. C",
    volume         = "75",
    year           = "2015",
    pages          = "476",
    doi            = "10.1140/epjc/s10052-015-3685-1",
    reportNumber   = "CERN-PH-EP-2015-114",
    eprint         = "1506.05669",
    archivePrefix  = "arXiv",
    primaryClass   = "hep-ex",
    addendum       = "Erratum: \href{http://dx.doi.org/10.1140/epjc/s10052-016-3934-y}{Eur. Phys. J. C \textbf{76} (2016) 152}",
}

@Article{CMS-HIG-14-032,
    author         = "{CMS Collaboration}",
    title          = "{Search for Higgs boson off-shell production in proton--proton collisions at 7 and \(8\,\text{TeV}\) and derivation of constraints on its total decay width}",
    journal        = "JHEP",
    volume         = "09",
    year           = "2016",
    pages          = "051",
    doi            = "10.1007/JHEP09(2016)051",
    reportNumber   = "CERN-EP-2016-054",
    eprint         = "1605.02329",
    archivePrefix  = "arXiv",
    primaryClass   = "hep-ex",
}

@Article{HIGG-2017-06,
    author         = "{ATLAS Collaboration}",
    title          = "{Constraints on off-shell Higgs boson production and the Higgs boson total width in \(ZZ \rightarrow 4\ell\) and \(ZZ \rightarrow 2\ell2\nu\) final states with the ATLAS detector}",
    journal        = "Phys. Lett. B",
    volume         = "786",
    year           = "2018",
    pages          = "223",
    doi            = "10.1016/j.physletb.2018.09.048",
    reportNumber   = "CERN-EP-2018-178",
    eprint         = "1808.01191",
    archivePrefix  = "arXiv",
    primaryClass   = "hep-ex",
}

@Article{HIGG-2015-07,
    author         = "{ATLAS and CMS Collaborations}",
    title          = "{Measurements of the Higgs boson production and decay rates and constraints on its couplings from a combined ATLAS and CMS analysis of the LHC \(pp\) collision data at \(\sqrt{s} = 7\) and \(8\,\text{TeV}\)}",
    journal        = "JHEP",
    volume         = "08",
    year           = "2016",
    pages          = "045",
    doi            = "10.1007/JHEP08(2016)045",
    eprint         = "1606.02266",
    archivePrefix  = "arXiv",
    primaryClass   = "hep-ex",
}

@article{Grazzini:2018bsd,
    author = "Grazzini, Massimiliano and Heinrich, Gudrun and Jones, Stephen and Kallweit, Stefan and Kerner, Matthias and Lindert, Jonas M. and Mazzitelli, Javier",
    title = "{Higgs boson pair production at NNLO with top quark mass effects}",
    eprint = "1803.02463",
    archivePrefix = "arXiv",
    primaryClass = "hep-ph",
    reportNumber = "CERN-TH-2018-044, IPPP/18/15, MPP-2018-30, ZU-TH 10/18, IPPP-18-15, ZU-TH-10-18",
    doi = "10.1007/JHEP05(2018)059",
    journal = "JHEP",
    volume = "05",
    pages = "059",
    year = "2018"
}

@article{Branchina:2008pc,
    author = "Branchina, Vincenzo and Faivre, Hugo and Pangon, Vincent",
    title = "{Effective potential and vacuum stability}",
    eprint = "0802.4423",
    archivePrefix = "arXiv",
    primaryClass = "hep-ph",
    doi = "10.1088/0954-3899/36/1/015006",
    journal = "J. Phys. G",
    volume = "36",
    pages = "015006",
    year = "2009"
}

@article{Buttazzo:2013uya,
    author = "Buttazzo, Dario and Degrassi, Giuseppe and Giardino, Pier Paolo and Giudice, Gian F. and Sala, Filippo and Salvio, Alberto and Strumia, Alessandro",
    title = "{Investigating the near-criticality of the Higgs boson}",
    eprint = "1307.3536",
    archivePrefix = "arXiv",
    primaryClass = "hep-ph",
    reportNumber = "CERN-PH-TH-2013-166, FTUAM-13-20, IFT-UAM-CSIC-13-081, IFUP-TH",
    doi = "10.1007/JHEP12(2013)089",
    journal = "JHEP",
    volume = "12",
    pages = "089",
    year = "2013"
}

@article{Reichert:2017puo,
    author = "Reichert, Manuel and Eichhorn, Astrid and Gies, Holger and Pawlowski, Jan M. and Plehn, Tilman and Scherer, Michael M.",
    title = "{Probing baryogenesis through the Higgs boson self-coupling}",
    eprint = "1711.00019",
    archivePrefix = "arXiv",
    primaryClass = "hep-ph",
    doi = "10.1103/PhysRevD.97.075008",
    journal = "Phys. Rev. D",
    volume = "97",
    number = "7",
    pages = "075008",
    year = "2018"
}

@article{Bezrukov:2007ep,
    author = "Bezrukov, Fedor L. and Shaposhnikov, Mikhail",
    title = "{The Standard Model Higgs boson as the inflaton}",
    eprint = "0710.3755",
    archivePrefix = "arXiv",
    primaryClass = "hep-th",
    doi = "10.1016/j.physletb.2007.11.072",
    journal = "Phys. Lett. B",
    volume = "659",
    pages = "703--706",
    year = "2008"
}

@article{Masina:2011aa,
    author = "Masina, Isabella and Notari, Alessio",
    title = "{Higgs mass range from standard model false vacuum inflation in scalar-tensor gravity}",
    eprint = "1112.2659",
    archivePrefix = "arXiv",
    primaryClass = "hep-ph",
    doi = "10.1103/PhysRevD.85.123506",
    journal = "Phys. Rev. D",
    volume = "85",
    pages = "123506",
    year = "2012"
}

@article{Kribs:2012kz,
    author = "Kribs, Graham D. and Martin, Adam",
    title = "{Enhanced di-Higgs production through light colored scalars}",
    eprint = "1207.4496",
    archivePrefix = "arXiv",
    primaryClass = "hep-ph",
    reportNumber = "FERMILAB-PUB-12-395-T",
    doi = "10.1103/PhysRevD.86.095023",
    journal = "Phys. Rev. D",
    volume = "86",
    pages = "095023",
    year = "2012"
}

@article{Grober:2010yv,
    author = "Gr{\"o}ber, R. and M{\"u}hlleitner, M.",
    title = "{Composite Higgs boson pair production at the LHC}",
    eprint = "1012.1562",
    archivePrefix = "arXiv",
    primaryClass = "hep-ph",
    reportNumber = "KA-TP-37-2010",
    doi = "10.1007/JHEP06(2011)020",
    journal = "JHEP",
    volume = "06",
    pages = "020",
    year = "2011"
}

@article{Contino:2012xk,
    author = "Contino, Roberto and Ghezzi, Margherita and Moretti, Mauro and Panico, Giuliano and Piccinini, Fulvio and Wulzer, Andrea",
    title = "{Anomalous couplings in double Higgs production}",
    eprint = "1205.5444",
    archivePrefix = "arXiv",
    primaryClass = "hep-ph",
    doi = "10.1007/JHEP08(2012)154",
    journal = "JHEP",
    volume = "08",
    pages = "154",
    year = "2012"
}

@article{Aaboud:2018sfw,
    author = "{ATLAS Collaboration}",
    collaboration = "ATLAS",
    title = "{Search for resonant and non-resonant Higgs boson pair production in the ${b\bar{b}\tau^+\tau^-}$ decay channel in $pp$ collisions at $\sqrt{s}=13$ TeV with the ATLAS detector}",
    eprint = "1808.00336",
    archivePrefix = "arXiv",
    primaryClass = "hep-ex",
    reportNumber = "CERN-EP-2018-164",
    doi = "10.1103/PhysRevLett.121.191801",
    journal = "Phys. Rev. Lett.",
    volume = "121",
    number = "19",
    pages = "191801",
    year = "2018",
    addendum = "Erratum: \href{https://journals.aps.org/prl/abstract/10.1103/PhysRevLett.122.089901}{Phys. Rev. Lett. 122, 089901 (2019)}"
}

@article{Aaboud:2018ftw,
    author = "{ATLAS Collaboration}",
    collaboration = "ATLAS",
    title = "{Search for Higgs boson pair production in the $\gamma\gamma b\bar{b}$ final state with 13 TeV $pp$ collision data collected by the ATLAS experiment}",
    eprint = "1807.04873",
    archivePrefix = "arXiv",
    primaryClass = "hep-ex",
    reportNumber = "CERN-EP-2018-130",
    doi = "10.1007/JHEP11(2018)040",
    journal = "JHEP",
    volume = "11",
    pages = "040",
    year = "2018"
}

@article{Sirunyan:2018tki,
    author = "{CMS Collaboration}",
    collaboration = "CMS",
    title = "{Search for nonresonant Higgs boson pair production in the $\mathrm{b\overline{b}b\overline{b}}$ final state at $\sqrt{s} =$ 13 TeV}",
    eprint = "1810.11854",
    archivePrefix = "arXiv",
    primaryClass = "hep-ex",
    reportNumber = "CMS-HIG-17-017, CERN-EP-2018-269",
    doi = "10.1007/JHEP04(2019)112",
    journal = "JHEP",
    volume = "04",
    pages = "112",
    year = "2019"
}

@techreport{CMS-PAS-HIG-19-018,
      title         = "{Search for nonresonant Higgs boson pair production in
                       final states with two bottom quarks and two photons in pp
                       collisions at $\sqrt{s}=13\,\mathrm{TeV}$}",
      institution   = "CERN",
      collaboration = "CMS Collaboration",
      address       = "Geneva",
      number        = "CMS-PAS-HIG-19-018",
      year          = "2020",
      reportNumber  = "CMS-PAS-HIG-19-018",
      url           = "https://cds.cern.ch/record/2742937",
}

@article{Branco:2011iw,
    author = "Branco, G.C. and Ferreira, P.M. and Lavoura, L. and Rebelo, M.N. and Sher, Marc and Silva, Joao P.",
    title = "{Theory and phenomenology of two-Higgs-doublet models}",
    eprint = "1106.0034",
    archivePrefix = "arXiv",
    primaryClass = "hep-ph",
    doi = "10.1016/j.physrep.2012.02.002",
    journal = "Phys. Rept.",
    volume = "516",
    pages = "1--102",
    year = "2012"
}

@article{HABER198575,
author = "H.E. Haber and G.L. Kane",
title = "The search for supersymmetry: Probing physics beyond the standard model",
doi = "https://doi.org/10.1016/0370-1573(85)90051-1",
journal = "Phys. Rept.",
volume = "117",
number = "2",
pages = "75 - 263",
year = "1985"
}

@article{DIMOPOULOS1981150,
author = "Savas Dimopoulos and Howard Georgi",
title = "Softly broken supersymmetry and SU(5)",
doi = "https://doi.org/10.1016/0550-3213(81)90522-8",
journal = "Nucl. Phys. B",
volume = "193",
number = "1",
pages = "150 - 162",
year = "1981"
}

@article{Chacko:2005vw,
    author = "Chacko, Z. and Nomura, Yasunori and Papucci, Michele and Perez, Gilad",
    title = "{Natural little hierarchy from a partially goldstone twin Higgs}",
    eprint = "hep-ph/0510273",
    archivePrefix = "arXiv",
    reportNumber = "UCB-PTH-05-35, LBNL-59022",
    doi = "10.1088/1126-6708/2006/01/126",
    journal = "JHEP",
    volume = "01",
    pages = "126",
    year = "2006"
}

@article{Mrazek:2011iu,
    author = "Mrazek, J. and Pomarol, A. and Rattazzi, R. and Redi, M. and Serra, J. and Wulzer, A.",
    title = "{The other natural two Higgs doublet model}",
    eprint = "1105.5403",
    archivePrefix = "arXiv",
    primaryClass = "hep-ph",
    reportNumber = "CERN-PH-TH-2011-122",
    doi = "10.1016/j.nuclphysb.2011.07.008",
    journal = "Nucl. Phys. B",
    volume = "853",
    pages = "1--48",
    year = "2011"
}

@article{Randall:1999ee,
    author = "Randall, Lisa and Sundrum, Raman",
    title = "{Large Mass Hierarchy from a Small Extra Dimension}",
    eprint = "hep-ph/9905221",
    archivePrefix = "arXiv",
    reportNumber = "MIT-CTP-2860, PUPT-1860, BUHEP-99-9",
    doi = "10.1103/PhysRevLett.83.3370",
    journal = "Phys. Rev. Lett.",
    volume = "83",
    pages = "3370--3373",
    year = "1999"
}

@article{Tang:2012pv,
    author = "Tang, Yong",
    title = "{Implications of LHC searches for massive graviton}",
    eprint = "1206.6949",
    archivePrefix = "arXiv",
    primaryClass = "hep-ph",
    doi = "10.1007/JHEP08(2012)078",
    journal = "JHEP",
    volume = "08",
    pages = "078",
    year = "2012"
}

@article{Cheung:2000rw,
    author = "Cheung, K.",
    title = "{Phenomenology of the radion in the Randall-Sundrum scenario}",
    eprint = "hep-ph/0009232",
    archivePrefix = "arXiv",
    doi = "10.1103/PhysRevD.63.056007",
    journal = "Phys. Rev. D",
    volume = "63",
    pages = "056007",
    year = "2001"
}

@article{Kumar:2014bca,
    author = "Kumar, Nilanjana and Martin, Stephen P.",
    title = "{LHC search for di-Higgs decays of stoponium and other scalars in events with two photons and two bottom jets}",
    eprint = "1404.0996",
    archivePrefix = "arXiv",
    primaryClass = "hep-ph",
    reportNumber = "FERMILAB-PUB-14-362-T",
    doi = "10.1103/PhysRevD.90.055007",
    journal = "Phys. Rev. D",
    volume = "90",
    number = "5",
    pages = "055007",
    year = "2014"
}

@article{PhysRevD.10.275,
  title = {Lepton number as the fourth "color"},
  author = {Pati, Jogesh C. and Salam, Abdus},
  journal = {Phys. Rev. D},
  volume = {10},
  issue = {1},
  pages = {275--289},
  numpages = {0},
  year = {1974},
  month = {Jul},
  publisher = {American Physical Society},
  doi = {10.1103/PhysRevD.10.275},
  url = {https://link.aps.org/doi/10.1103/PhysRevD.10.275}
}

@article{DIMOPOULOS198069,
title = "Technicoloured signatures",
journal = "Nuclear Physics B",
volume = "168",
number = "1",
pages = "69 - 92",
year = "1980",
issn = "0550-3213",
doi = "https://doi.org/10.1016/0550-3213(80)90277-1",
url = "http://www.sciencedirect.com/science/article/pii/0550321380902771",
author = "Savas Dimopoulos"
}

@article{FARHI1981277,
title = "Technicolour",
journal = "Physics Reports",
volume = "74",
number = "3",
pages = "277 - 321",
year = "1981",
issn = "0370-1573",
doi = "https://doi.org/10.1016/0370-1573(81)90173-3",
url = "http://www.sciencedirect.com/science/article/pii/0370157381901733",
author = "Edward Farhi and Leonard Susskind"
}

@article{PhysRevLett.32.438,
  title = {Unity of All Elementary-Particle Forces},
  author = {Georgi, Howard and Glashow, S. L.},
  journal = {Phys. Rev. Lett.},
  volume = {32},
  issue = {8},
  pages = {438--441},
  numpages = {0},
  year = {1974},
  month = {Feb},
  publisher = {American Physical Society},
  doi = {10.1103/PhysRevLett.32.438},
  url = {https://link.aps.org/doi/10.1103/PhysRevLett.32.438}
}

@article{FRITZSCH1975193,
title = "Unified interactions of leptons and hadrons",
journal = "Annals of Physics",
volume = "93",
number = "1",
pages = "193 - 266",
year = "1975",
issn = "0003-4916",
doi = "https://doi.org/10.1016/0003-4916(75)90211-0",
url = "http://www.sciencedirect.com/science/article/pii/0003491675902110",
author = "Harald Fritzsch and Peter Minkowski"
}

@article{BUCHMULLER1986377,
title = "Constraints on SU(5)-type leptoquarks",
journal = "Physics Letters B",
volume = "177",
number = "3",
pages = "377 - 382",
year = "1986",
issn = "0370-2693",
doi = "https://doi.org/10.1016/0370-2693(86)90771-9",
url = "http://www.sciencedirect.com/science/article/pii/0370269386907719",
author = "W. Buchmüller and D. Wyler"
}

@article{PhysRevD.98.030001,
  title = {Review of Particle Physics},
  author = {Tanabashi, M. and Hagiwara, K. and Hikasa, K. and Nakamura, K. and Sumino, Y. and Takahashi, F. and Tanaka, J. and Agashe, K. and Aielli, G. and Amsler, C. and Antonelli, M. and Asner, D. M. and Baer, H. and Banerjee, Sw. and Barnett, R. M. and Basaglia, T. and Bauer, C. W. and Beatty, J. J. and Belousov, V. I. and Beringer, J. and Bethke, S. and Bettini, A. and Bichsel, H. and Biebel, O. and Black, K. M. and Blucher, E. and Buchmuller, O. and Burkert, V. and Bychkov, M. A. and Cahn, R. N. and Carena, M. and Ceccucci, A. and Cerri, A. and Chakraborty, D. and Chen, M.-C. and Chivukula, R. S. and Cowan, G. and Dahl, O. and D'Ambrosio, G. and Damour, T. and de Florian, D. and de Gouv\^ea, A. and DeGrand, T. and de Jong, P. and Dissertori, G. and Dobrescu, B. A. and D'Onofrio, M. and Doser, M. and Drees, M. and Dreiner, H. K. and Dwyer, D. A. and Eerola, P. and Eidelman, S. and Ellis, J. and Erler, J. and Ezhela, V. V. and Fetscher, W. and Fields, B. D. and Firestone, R. and Foster, B. and Freitas, A. and Gallagher, H. and Garren, L. and Gerber, H.-J. and Gerbier, G. and Gershon, T. and Gershtein, Y. and Gherghetta, T. and Godizov, A. A. and Goodman, M. and Grab, C. and Gritsan, A. V. and Grojean, C. and Groom, D. E. and Gr\"unewald, M. and Gurtu, A. and Gutsche, T. and Haber, H. E. and Hanhart, C. and Hashimoto, S. and Hayato, Y. and Hayes, K. G. and Hebecker, A. and Heinemeyer, S. and Heltsley, B. and Hern\'andez-Rey, J. J. and Hisano, J. and H\"ocker, A. and Holder, J. and Holtkamp, A. and Hyodo, T. and Irwin, K. D. and Johnson, K. F. and Kado, M. and Karliner, M. and Katz, U. F. and Klein, S. R. and Klempt, E. and Kowalewski, R. V. and Krauss, F. and Kreps, M. and Krusche, B. and Kuyanov, Yu. V. and Kwon, Y. and Lahav, O. and Laiho, J. and Lesgourgues, J. and Liddle, A. and Ligeti, Z. and Lin, C.-J. and Lippmann, C. and Liss, T. M. and Littenberg, L. and Lugovsky, K. S. and Lugovsky, S. B. and Lusiani, A. and Makida, Y. and Maltoni, F. and Mannel, T. and Manohar, A. V. and Marciano, W. J. and Martin, A. D. and Masoni, A. and Matthews, J. and Mei\ss{}ner, U.-G. and Milstead, D. and Mitchell, R. E. and M\"onig, K. and Molaro, P. and Moortgat, F. and Moskovic, M. and Murayama, H. and Narain, M. and Nason, P. and Navas, S. and Neubert, M. and Nevski, P. and Nir, Y. and Olive, K. A. and Pagan Griso, S. and Parsons, J. and Patrignani, C. and Peacock, J. A. and Pennington, M. and Petcov, S. T. and Petrov, V. A. and Pianori, E. and Piepke, A. and Pomarol, A. and Quadt, A. and Rademacker, J. and Raffelt, G. and Ratcliff, B. N. and Richardson, P. and Ringwald, A. and Roesler, S. and Rolli, S. and Romaniouk, A. and Rosenberg, L. J. and Rosner, J. L. and Rybka, G. and Ryutin, R. A. and Sachrajda, C. T. and Sakai, Y. and Salam, G. P. and Sarkar, S. and Sauli, F. and Schneider, O. and Scholberg, K. and Schwartz, A. J. and Scott, D. and Sharma, V. and Sharpe, S. R. and Shutt, T. and Silari, M. and Sj\"ostrand, T. and Skands, P. and Skwarnicki, T. and Smith, J. G. and Smoot, G. F. and Spanier, S. and Spieler, H. and Spiering, C. and Stahl, A. and Stone, S. L. and Sumiyoshi, T. and Syphers, M. J. and Terashi, K. and Terning, J. and Thoma, U. and Thorne, R. S. and Tiator, L. and Titov, M. and Tkachenko, N. P. and T\"ornqvist, N. A. and Tovey, D. R. and Valencia, G. and Van de Water, R. and Varelas, N. and Venanzoni, G. and Verde, L. and Vincter, M. G. and Vogel, P. and Vogt, A. and Wakely, S. P. and Walkowiak, W. and Walter, C. W. and Wands, D. and Ward, D. R. and Wascko, M. O. and Weiglein, G. and Weinberg, D. H. and Weinberg, E. J. and White, M. and Wiencke, L. R. and Willocq, S. and Wohl, C. G. and Womersley, J. and Woody, C. L. and Workman, R. L. and Yao, W.-M. and Zeller, G. P. and Zenin, O. V. and Zhu, R.-Y. and Zhu, S.-L. and Zimmermann, F. and Zyla, P. A. and Anderson, J. and Fuller, L. and Lugovsky, V. S. and Schaffner, P.},
  collaboration = {Particle Data Group},
  journal = {Phys. Rev. D},
  volume = {98},
  issue = {3},
  pages = {030001},
  numpages = {1898},
  year = {2018},
  month = {Aug},
  publisher = {American Physical Society},
  doi = {10.1103/PhysRevD.98.030001},
  url = {https://link.aps.org/doi/10.1103/PhysRevD.98.030001}
}

@article{Hiller:2014yaa,
    author = "Hiller, Gudrun and Schmaltz, Martin",
    title = "{$R_K$ and future $b \to s \ell \ell$ physics beyond the standard model opportunities}",
    eprint = "1408.1627",
    archivePrefix = "arXiv",
    primaryClass = "hep-ph",
    reportNumber = "DO-TH-14-17",
    doi = "10.1103/PhysRevD.90.054014",
    journal = "Phys. Rev. D",
    volume = "90",
    pages = "054014",
    year = "2014"
}

@article{Gripaios:2014tna,
    author = "Gripaios, Ben and Nardecchia, Marco and Renner, S.A.",
    title = "{Composite leptoquarks and anomalies in $B$-meson decays}",
    eprint = "1412.1791",
    archivePrefix = "arXiv",
    primaryClass = "hep-ph",
    doi = "10.1007/JHEP05(2015)006",
    journal = "JHEP",
    volume = "05",
    pages = "006",
    year = "2015"
}

@article{Freytsis:2015qca,
    author = "Freytsis, Marat and Ligeti, Zoltan and Ruderman, Joshua T.",
    title = "{Flavor models for $\bar{B} \to D^{(*)} \tau \bar{\nu}$}",
    eprint = "1506.08896",
    archivePrefix = "arXiv",
    primaryClass = "hep-ph",
    doi = "10.1103/PhysRevD.92.054018",
    journal = "Phys. Rev. D",
    volume = "92",
    number = "5",
    pages = "054018",
    year = "2015"
}

@article{Bauer:2015knc,
    author = "Bauer, Martin and Neubert, Matthias",
    title = "{Minimal Leptoquark Explanation for the R$_{D^{(*)}}$ , R$_K$ , and $(g-2)_g$ Anomalies}",
    eprint = "1511.01900",
    archivePrefix = "arXiv",
    primaryClass = "hep-ph",
    reportNumber = "MITP-15-100",
    doi = "10.1103/PhysRevLett.116.141802",
    journal = "Phys. Rev. Lett.",
    volume = "116",
    number = "14",
    pages = "141802",
    year = "2016"
}

@article{DiLuzio:2017chi,
    author = "Di Luzio, Luca and Nardecchia, Marco",
    title = "{What is the scale of new physics behind the $B$-flavour anomalies?}",
    eprint = "1706.01868",
    archivePrefix = "arXiv",
    primaryClass = "hep-ph",
    reportNumber = "IPPP-17-50, CERN-TH-2017-126",
    doi = "10.1140/epjc/s10052-017-5118-9",
    journal = "Eur. Phys. J. C",
    volume = "77",
    number = "8",
    pages = "536",
    year = "2017"
}

@article{Buttazzo:2017ixm,
    author = "Buttazzo, Dario and Greljo, Admir and Isidori, Gino and Marzocca, David",
    title = "{B-physics anomalies: a guide to combined explanations}",
    eprint = "1706.07808",
    archivePrefix = "arXiv",
    primaryClass = "hep-ph",
    reportNumber = "ZU-TH-18-17",
    doi = "10.1007/JHEP11(2017)044",
    journal = "JHEP",
    volume = "11",
    pages = "044",
    year = "2017"
}

@article{Aaij:2014ora,
    author = "Aaij, Roel and others",
    collaboration = "LHCb",
    title = "{Test of lepton universality using $B^{+}\rightarrow K^{+}\ell^{+}\ell^{-}$ decays}",
    eprint = "1406.6482",
    archivePrefix = "arXiv",
    primaryClass = "hep-ex",
    reportNumber = "CERN-PH-EP-2014-140, LHCB-PAPER-2014-024",
    doi = "10.1103/PhysRevLett.113.151601",
    journal = "Phys. Rev. Lett.",
    volume = "113",
    pages = "151601",
    year = "2014"
}

@article{Pas:2015hca,
    author = {P\"as, Heinrich and Schumacher, Erik},
    title = "{Common origin of $R_K$ and neutrino masses}",
    eprint = "1510.08757",
    archivePrefix = "arXiv",
    primaryClass = "hep-ph",
    doi = "10.1103/PhysRevD.92.114025",
    journal = "Phys. Rev. D",
    volume = "92",
    number = "11",
    pages = "114025",
    year = "2015"
}

@article{Popov:2016fzr,
    author = "Popov, Oleg and White, Graham A",
    title = "{One Leptoquark to unify them? Neutrino masses and unification in the light of $(g-2)_\mu$, $R_{D^{(\star)}}$ and $R_K$ anomalies}",
    eprint = "1611.04566",
    archivePrefix = "arXiv",
    primaryClass = "hep-ph",
    reportNumber = "COEPP-MN-17-3, UCRHEP-T57",
    doi = "10.1016/j.nuclphysb.2017.08.007",
    journal = "Nucl. Phys. B",
    volume = "923",
    pages = "324--338",
    year = "2017"
}

@article{Aaij:2019kcg,
    author = "Aaij, Roel and others",
    collaboration = "LHCb",
    title = "{Observation of CP Violation in Charm Decays}",
    eprint = "1903.08726",
    archivePrefix = "arXiv",
    primaryClass = "hep-ex",
    reportNumber = "LHCb-PAPER-2019-006, CERN-EP-2019-042",
    doi = "10.1103/PhysRevLett.122.211803",
    journal = "Phys. Rev. Lett.",
    volume = "122",
    number = "21",
    pages = "211803",
    year = "2019"
}

@article{Lees:2013uzd,
    author = "BaBar Collaboration",
    collaboration = "BaBar",
    title = "{Measurement of an Excess of $\bar{B} \to D^{(*)}\tau^- \bar{\nu}_\tau$ Decays and Implications for Charged Higgs Bosons}",
    eprint = "1303.0571",
    archivePrefix = "arXiv",
    primaryClass = "hep-ex",
    reportNumber = "BABAR-PUB-13-001, SLAC-PUB-15381",
    doi = "10.1103/PhysRevD.88.072012",
    journal = "Phys. Rev. D",
    volume = "88",
    number = "7",
    pages = "072012",
    year = "2013"
}

@article{Aaij:2019wad,
    author = "{LHCb Collaboration}",
    collaboration = "LHCb",
    title = "{Search for lepton-universality violation in $B^+\to K^+\ell^+\ell^-$ decays}",
    eprint = "1903.09252",
    archivePrefix = "arXiv",
    primaryClass = "hep-ex",
    reportNumber = "LHCb-PAPER-2019-009, CERN-EP-2019-043, LHCb-PAPER-2019-009 CERN-EP-2019-043",
    doi = "10.1103/PhysRevLett.122.191801",
    journal = "Phys. Rev. Lett.",
    volume = "122",
    number = "19",
    pages = "191801",
    year = "2019"
}

@article{Aaij:2017vbb,
    author = "{LHCb Collaboration}",
    collaboration = "LHCb",
    title = "{Test of lepton universality with $B^{0} \rightarrow K^{*0}\ell^{+}\ell^{-}$ decays}",
    eprint = "1705.05802",
    archivePrefix = "arXiv",
    primaryClass = "hep-ex",
    reportNumber = "LHCB-PAPER-2017-013, CERN-EP-2017-100",
    doi = "10.1007/JHEP08(2017)055",
    journal = "JHEP",
    volume = "08",
    pages = "055",
    year = "2017"
}

@article{Dorsner:2017wwn,
    author = "Dor\v{s}ner, Ilja and Fajfer, Svjetlana and Ko\v{s}nik, Nejc",
    title = "{Leptoquark mechanism of neutrino masses within the grand unification framework}",
    eprint = "1701.08322",
    archivePrefix = "arXiv",
    primaryClass = "hep-ph",
    doi = "10.1140/epjc/s10052-017-4987-2",
    journal = "Eur. Phys. J. C",
    volume = "77",
    number = "6",
    pages = "417",
    year = "2017"
}

@article{Babu:2010vp,
    author = "Babu, K.S. and Julio, J.",
    title = "{Two-Loop Neutrino Mass Generation through Leptoquarks}",
    eprint = "1006.1092",
    archivePrefix = "arXiv",
    primaryClass = "hep-ph",
    reportNumber = "OSU-HEP-10-05",
    doi = "10.1016/j.nuclphysb.2010.07.022",
    journal = "Nucl. Phys. B",
    volume = "841",
    pages = "130--156",
    year = "2010"
}

@article{Barger:2000gv,
    author = "Barger, Vernon D. and Cheung, King-man",
    title = "{Atomic parity violation, leptoquarks, and contact interactions}",
    eprint = "hep-ph/0002259",
    archivePrefix = "arXiv",
    reportNumber = "UCD-2000-8, MAD-00-1163",
    doi = "10.1016/S0370-2693(00)00401-9",
    journal = "Phys. Lett. B",
    volume = "480",
    pages = "149--154",
    year = "2000"
}

@article{PhysRevD.68.116004,
  title = {CP-violating electron-nucleon interactions from leptoquark exchange},
  author = {Herczeg, Peter},
  journal = {Phys. Rev. D},
  volume = {68},
  issue = {11},
  pages = {116004},
  numpages = {10},
  year = {2003},
  month = {Dec},
  publisher = {American Physical Society},
  doi = {10.1103/PhysRevD.68.116004},
  url = {https://link.aps.org/doi/10.1103/PhysRevD.68.116004}
}

@article{Diaz:2017lit,
    author = "Diaz, Bastian and Schmaltz, Martin and Zhong, Yi-Ming",
    title = "{The leptoquark Hunter\textquoteright{}s guide: Pair production}",
    eprint = "1706.05033",
    archivePrefix = "arXiv",
    primaryClass = "hep-ph",
    doi = "10.1007/JHEP10(2017)097",
    journal = "JHEP",
    volume = "10",
    pages = "097",
    year = "2017"
}

@article{Dorsner:2018ynv,
    author = "Dor\v{s}ner, Ilja and Greljo, Admir",
    title = "{Leptoquark toolbox for precision collider studies}",
    eprint = "1801.07641",
    archivePrefix = "arXiv",
    primaryClass = "hep-ph",
    reportNumber = "MITP-18-005",
    doi = "10.1007/JHEP05(2018)126",
    journal = "JHEP",
    volume = "05",
    pages = "126",
    year = "2018"
}

@article{Aad:2020iuy,
    author = "{ATLAS Collaboration}",
    collaboration = "ATLAS",
    title = "{Search for pairs of scalar leptoquarks decaying into quarks and electrons or muons in $ \sqrt{s} $ = 13 TeV $pp$ collisions with the ATLAS detector}",
    eprint = "2006.05872",
    archivePrefix = "arXiv",
    primaryClass = "hep-ex",
    reportNumber = "CERN-EP-2020-084",
    doi = "10.1007/JHEP10(2020)112",
    journal = "JHEP",
    volume = "10",
    pages = "112",
    year = "2020"
}

@article{Aaboud:2019jcc,
    author = "{ATLAS Collaboration}",
    collaboration = "ATLAS",
    title = "{Searches for scalar leptoquarks and differential cross-section measurements in dilepton-dijet events in proton-proton collisions at a centre-of-mass energy of $\sqrt{s}$ = 13 TeV with the ATLAS experiment}",
    eprint = "1902.00377",
    archivePrefix = "arXiv",
    primaryClass = "hep-ex",
    reportNumber = "CERN-EP-2018-262",
    doi = "10.1140/epjc/s10052-019-7181-x",
    journal = "Eur. Phys. J. C",
    volume = "79",
    number = "9",
    pages = "733",
    year = "2019"
}

@article{Aaboud:2019bye,
    author = "{ATLAS Collaboration}",
    collaboration = "ATLAS",
    title = "{Searches for third-generation scalar leptoquarks in $\sqrt{s}$ = 13 TeV pp collisions with the ATLAS detector}",
    eprint = "1902.08103",
    archivePrefix = "arXiv",
    primaryClass = "hep-ex",
    reportNumber = "CERN-EP-2019-026",
    doi = "10.1007/JHEP06(2019)144",
    journal = "JHEP",
    volume = "06",
    pages = "144",
    year = "2019"
}

@article{Sirunyan:2018btu,
    author = "{CMS Collaboration}",
    collaboration = "CMS",
    title = "{Search for pair production of first-generation scalar leptoquarks at $\sqrt{s} =$ 13  TeV}",
    eprint = "1811.01197",
    archivePrefix = "arXiv",
    primaryClass = "hep-ex",
    reportNumber = "CMS-EXO-17-009, CERN-EP-2018-265",
    doi = "10.1103/PhysRevD.99.052002",
    journal = "Phys. Rev. D",
    volume = "99",
    number = "5",
    pages = "052002",
    year = "2019"
}

@article{Sirunyan:2018ryt,
    author = "{CMS Collaboration}",
    collaboration = "CMS",
    title = "{Search for pair production of second-generation leptoquarks at $\sqrt{s}=$ 13 TeV}",
    eprint = "1808.05082",
    archivePrefix = "arXiv",
    primaryClass = "hep-ex",
    reportNumber = "CMS-EXO-17-003, CERN-EP-2018-218",
    doi = "10.1103/PhysRevD.99.032014",
    journal = "Phys. Rev. D",
    volume = "99",
    number = "3",
    pages = "032014",
    year = "2019"
}

@article{Sirunyan:2018nkj,
    author = "{CMS Collaboration}",
    collaboration = "CMS",
    title = "{Search for third-generation scalar leptoquarks decaying to a top quark and a $\tau$ lepton at $\sqrt{s}=$ 13 TeV}",
    eprint = "1803.02864",
    archivePrefix = "arXiv",
    primaryClass = "hep-ex",
    reportNumber = "CMS-B2G-16-028, CERN-EP-2018-019",
    doi = "10.1140/epjc/s10052-018-6143-z",
    journal = "Eur. Phys. J. C",
    volume = "78",
    pages = "707",
    year = "2018"
}

@article{Sirunyan:2018ruf,
    author = "{CMS Collaboration}",
    collaboration = "CMS",
    title = "{Search for leptoquarks coupled to third-generation quarks in proton-proton collisions at $\sqrt{s}=$ 13 TeV}",
    eprint = "1809.05558",
    archivePrefix = "arXiv",
    primaryClass = "hep-ex",
    reportNumber = "CMS-B2G-16-027, CERN-EP-2018-233",
    doi = "10.1103/PhysRevLett.121.241802",
    journal = "Phys. Rev. Lett.",
    volume = "121",
    number = "24",
    pages = "241802",
    year = "2018"
}

@article{Aaltonen:2007rb,
    author = "{CDF Collaboration}",
    collaboration = "CDF",
    title = "{Search for Third Generation Vector Leptoquarks in $p \bar{p}$ Collisions at $\sqrt{s}$ = 1.96-TeV}",
    eprint = "0706.2832",
    archivePrefix = "arXiv",
    primaryClass = "hep-ex",
    reportNumber = "FERMILAB-PUB-07-207-E",
    doi = "10.1103/PhysRevD.77.091105",
    journal = "Phys. Rev. D",
    volume = "77",
    pages = "091105",
    year = "2008"
}

@article{Abazov:2008jp,
    author = "{D0 Collaboration}",
    collaboration = "D0",
    title = "{Search for third generation scalar leptoquarks decaying into $\tau b$}",
    eprint = "0806.3527",
    archivePrefix = "arXiv",
    primaryClass = "hep-ex",
    reportNumber = "FERMILAB-PUB-08-201-E",
    doi = "10.1103/PhysRevLett.101.241802",
    journal = "Phys. Rev. Lett.",
    volume = "101",
    pages = "241802",
    year = "2008"
}

@article{Aktas:2005pr,
    author = "Aktas, A. and others",
    collaboration = "H1",
    title = "{Search for leptoquark bosons in ep collisions at HERA}",
    eprint = "hep-ex/0506044",
    archivePrefix = "arXiv",
    reportNumber = "DESY-05-087",
    doi = "10.1016/j.physletb.2005.09.048",
    journal = "Phys. Lett. B",
    volume = "629",
    pages = "9--19",
    year = "2005"
}

@article{Chekanov:2003af,
    author = "Chekanov, S. and others",
    collaboration = "ZEUS",
    title = "{A Search for resonance decays to lepton + jet at HERA and limits on leptoquarks}",
    eprint = "hep-ex/0304008",
    archivePrefix = "arXiv",
    reportNumber = "DESY-03-041",
    doi = "10.1103/PhysRevD.68.052004",
    journal = "Phys. Rev. D",
    volume = "68",
    pages = "052004",
    year = "2003"
}

@article{Mandal:2019gff,
    author = "Mandal, Rusa and Pich, Antonio",
    title = "{Constraints on scalar leptoquarks from lepton and kaon physics}",
    eprint = "1908.11155",
    archivePrefix = "arXiv",
    primaryClass = "hep-ph",
    reportNumber = "IFIC/19-32",
    doi = "10.1007/JHEP12(2019)089",
    journal = "JHEP",
    volume = "12",
    pages = "089",
    year = "2019"
}

@article{Aad:2019hmz,
    author = "{ATLAS Collaboration}",
    collaboration = "ATLAS",
    title = "{ATLAS data quality operations and performance for 2015\textendash{}2018 data-taking}",
    eprint = "1911.04632",
    archivePrefix = "arXiv",
    primaryClass = "physics.ins-det",
    reportNumber = "CERN-EP-2019-207",
    doi = "10.1088/1748-0221/15/04/P04003",
    journal = "JINST",
    volume = "15",
    number = "04",
    pages = "P04003",
    year = "2020"
}

@article{Elagin:2010aw,
    author = "Elagin, A. and Murat, P. and Pranko, A. and Safonov, A.",
    title = "{A new mass reconstruction technique for resonances decaying to \(\tau\tau\)}",
    eprint = "1012.4686",
    archivePrefix = "arXiv",
    primaryClass = "hep-ex",
    reportNumber = "FERMILAB-PUB-11-918-PPD",
    doi = "10.1016/j.nima.2011.07.009",
    journal = "Nucl. Instrum. Meth. A",
    volume = "654",
    pages = "481--489",
    year = "2011"
}

@article{Baldi:2016fzo,
    author = "Baldi, Pierre and Cranmer, Kyle and Faucett, Taylor and Sadowski, Peter and Whiteson, Daniel",
    title = "{Parameterized neural networks for high-energy physics}",
    eprint = "1601.07913",
    archivePrefix = "arXiv",
    primaryClass = "hep-ex",
    doi = "10.1140/epjc/s10052-016-4099-4",
    journal = "Eur. Phys. J. C",
    volume = "76",
    number = "5",
    pages = "235",
    year = "2016"
}

@article{Aad:2019tso,
    author = "{ATLAS Collaboration}",
    collaboration = "ATLAS",
    title = "{Electron and photon performance measurements with the ATLAS detector using the 2015\textendash{}2017 LHC proton-proton collision data}",
    eprint = "1908.00005",
    archivePrefix = "arXiv",
    primaryClass = "hep-ex",
    reportNumber = "CERN-EP-2019-145",
    doi = "10.1088/1748-0221/14/12/P12006",
    journal = "JINST",
    volume = "14",
    number = "12",
    pages = "P12006",
    year = "2019"
}

@article{Aad:2014rra,
    author = "{ATLAS Collaboration}",
    collaboration = "ATLAS",
    title = "{Measurement of the muon reconstruction performance of the ATLAS detector using 2011 and 2012 LHC proton\textendash{}proton collision data}",
    eprint = "1407.3935",
    archivePrefix = "arXiv",
    primaryClass = "hep-ex",
    reportNumber = "CERN-PH-EP-2014-151",
    doi = "10.1140/epjc/s10052-014-3130-x",
    journal = "Eur. Phys. J. C",
    volume = "74",
    number = "11",
    pages = "3130",
    year = "2014"
}

@article{Cacciari:2008gp,
    author = "Cacciari, Matteo and Salam, Gavin P. and Soyez, Gregory",
    title = "{The anti-$k_t$ jet clustering algorithm}",
    eprint = "0802.1189",
    archivePrefix = "arXiv",
    primaryClass = "hep-ph",
    reportNumber = "LPTHE-07-03",
    doi = "10.1088/1126-6708/2008/04/063",
    journal = "JHEP",
    volume = "04",
    pages = "063",
    year = "2008"
}

@article{Cacciari:2011ma,
    author = "Cacciari, Matteo and Salam, Gavin P. and Soyez, Gregory",
    title = "{FastJet User Manual}",
    eprint = "1111.6097",
    archivePrefix = "arXiv",
    primaryClass = "hep-ph",
    reportNumber = "CERN-PH-TH-2011-297",
    doi = "10.1140/epjc/s10052-012-1896-2",
    journal = "Eur. Phys. J. C",
    volume = "72",
    pages = "1896",
    year = "2012"
}

@article{Aaboud:2017aca,
    author = "{ATLAS Collaboration}",
    collaboration = "ATLAS",
    title = "{Jet reconstruction and performance using particle flow with the ATLAS Detector}",
    eprint = "1703.10485",
    archivePrefix = "arXiv",
    primaryClass = "hep-ex",
    reportNumber = "CERN-EP-2017-024",
    doi = "10.1140/epjc/s10052-017-5031-2",
    journal = "Eur. Phys. J. C",
    volume = "77",
    number = "7",
    pages = "466",
    year = "2017"
}

@Article{ATLAS-Lumi2,
    author         = "{G. Avoni et al.}",
    title          = "{The new LUCID-2 detector for luminosity measurement and monitoring in ATLAS}",
    journal        = "JINST",
    volume         = "13",
    number         = "07",
    doi            = "10.1088/1748-0221/13/07/P07017",
    year           = "2018",
    pages          = "P07017",
}


@article{Gieseke:2012ft,
author         = "Gieseke, Stefan and R{\"o}hr, Christian and Siodmok, Andrzej",
title          = "{Colour reconnections in Herwig++}",
journal        = "Eur. Phys. J. C",
volume         = "72",
year           = "2012",
pages          = "2225",
doi            = "10.1140/epjc/s10052-012-2225-5",
eprint         = "1206.0041",
archivePrefix  = "arXiv",
primaryClass   = "hep-ph",
reportNumber   = "MCNET-12-06, KA-TP-17-2012, MAN-HEP-2012-03",
SLACcitation   = "%%CITATION = ARXIV:1206.0041;%%"
}

@article{CKKW,
    author = "L{\"o}nnblad, Leif and Prestel, Stefan",
    title = "{Merging Multi-leg NLO Matrix Elements with Parton Showers}",
    eprint = "1211.7278",
    archivePrefix = "arXiv",
    primaryClass = "hep-ph",
    reportNumber = "MCNET-12-17, LU-TP-12-43",
    doi = "10.1007/JHEP03(2013)166",
    journal = "JHEP",
    volume = "03",
    pages = "166",
    year = "2013"
}

@article{NNLO1,
author = "Beenakker, W. and Kramer, M. and Plehn, T. and Spira, M. and Zerwas, P.M.",
title = "{Stop production at hadron colliders}",
eprint = "hep-ph/9710451",
archivePrefix = "arXiv",
reportNumber = "DESY-97-214, CERN-TH-97-177, RAL-TR-97-056",
doi = "10.1016/S0550-3213(98)00014-5",
journal = "Nucl. Phys. B",
volume = "515",
pages = "3--14",
year = "1998"
}

@article{NNLO2,
author = "Beenakker, Wim and Brensing, Silja and Kramer, Michael and Kulesza, Anna and Laenen, Eric and Niessen, Irene",
title = "{Supersymmetric top and bottom squark production at hadron colliders}",
eprint = "1006.4771",
archivePrefix = "arXiv",
primaryClass = "hep-ph",
reportNumber = "CERN-PH-TH-2010-142, ITFA-2010-015, ITP-UU-10-17, NIKHEF-2010-016, TTK-10-33",
doi = "10.1007/JHEP08(2010)098",
journal = "JHEP",
volume = "08",
pages = "098",
year = "2010"
}

@article{NNLO3,
    author = "Beenakker, Wim and Borschensky, Christoph and Krämer, Michael and Kulesza, Anna and Laenen, Eric",
    title = "{NNLL-fast: predictions for coloured supersymmetric particle production at the LHC with threshold and Coulomb resummation}",
    eprint = "1607.07741",
    archivePrefix = "arXiv",
    primaryClass = "hep-ph",
    reportNumber = "MS-TP-16-17, NIKHEF-2016-037, TTK-16-28",
    doi = "10.1007/JHEP12(2016)133",
    journal = "JHEP",
    volume = "12",
    pages = "133",
    year = "2016"
}

@article{NNLO4,
    author = "Beenakker, Wim and Borschensky, Christoph and Heger, Raphael and Krämer, Michael and Kulesza, Anna and Laenen, Eric",
    title = "{NNLL resummation for stop pair-production at the LHC}",
    eprint = "1601.02954",
    archivePrefix = "arXiv",
    primaryClass = "hep-ph",
    reportNumber = "MS-TP-16-01, TTK-16-01, NIKHEF-2016-002",
    doi = "10.1007/JHEP05(2016)153",
    journal = "JHEP",
    volume = "05",
    pages = "153",
    year = "2016"
}

@article{BUCHMULLER1987442,
title = "Leptoquarks in lepton-quark collisions",
journal = "Physics Letters B",
volume = "191",
number = "4",
pages = "442 - 448",
year = "1987",
issn = "0370-2693",
doi = "https://doi.org/10.1016/0370-2693(87)90637-X",
url = "http://www.sciencedirect.com/science/article/pii/037026938790637X",
author = "W. Buchm{\"u}ller and R. R{\"u}ckl and D. Wyler",
}

@article{Belyaev_2005,
	doi = {10.1088/1126-6708/2005/09/005},
	url = {https://doi.org/10.1088\%2F1126-6708\%2F2005\%2F09\%2F005},
	year = 2005,
	month = {sep},
	publisher = {Springer Science and Business Media {LLC}},
	volume = {2005},
	number = {09},
	pages = {005--005},
	author = {Alexander Belyaev and Claude Leroy and Rashid Mehdiyev and Alexander Pukhov},
	title = {Leptoquark single and pair production at {LHC} with {CalcHEP}/{CompHEP} in the complete model},
	journal = {Journal of High Energy Physics},
}

@article{Bothmann:2019yzt,
      author         = "Bothmann, Enrico and others",
      title          = "{Event Generation with Sherpa 2.2}",
      journal        = "SciPost Phys.",
      volume         = "7",
      year           = "2019",
      number         = "3",
      pages          = "034",
      doi            = "10.21468/SciPostPhys.7.3.034",
      eprint         = "1905.09127",
      archivePrefix  = "arXiv",
      primaryClass   = "hep-ph",
      reportNumber   = "FERMILAB-PUB-19-218-T, SLAC-PUB-17433, IPPP/19/42,
                        MCNET-19-11",
      SLACcitation   = "%%CITATION = ARXIV:1905.09127;%%"
}

@article{Catani:2009sm,
      author         = "Catani, Stefano and Cieri, Leandro and Ferrera, Giancarlo
                        and de Florian, Daniel and Grazzini, Massimiliano",
      title          = "{Vector Boson Production at Hadron Colliders: A Fully Exclusive QCD Calculation at Next-to-Next-to-Leading Order}",
      journal        = "Phys. Rev. Lett.",
      volume         = "103",
      year           = "2009",
      pages          = "082001",
      doi            = "10.1103/PhysRevLett.103.082001",
      eprint         = "0903.2120",
      archivePrefix  = "arXiv",
      primaryClass   = "hep-ph",
      SLACcitation   = "%%CITATION = ARXIV:0903.2120;%%"
}

@article{AZNLOtune,
author         = "{ATLAS Collaboration}",
title          = "{Measurement of the $Z/\gamma^{*}$ boson transverse momentum distribution in pp collisions at $\sqrt{s}$ = 7 TeV with the ATLAS detector}",     
journal        = "JHEP",
volume         = "09",
pages          = "145",
doi            = "10.1007/JHEP09(2014)145",
year           = "2014",
eprint         = "1406.3660",
archivePrefix  = "arXiv",
primaryClass   = "hep-ex",
reportNumber   = "",
SLACcitation   = "%%CITATION = ARXIV:1406.3660;%%"
}


@Article{CTEQ6L1,
hideauthor    = "{J. Pumplin, D. R. Stump, J.  Huston, H.-L. Lai, P. Nadolsky and W. K. Tung}",
author    = "{J. Pumplin et al.}",
title = "{New Generation of Parton Distributions with Uncertainties from Global QCD Analysis}",
journal        = "JHEP",
hidevolume         = "0207",
volume         = "07",
pages          = "012",
year           = "2002",
doi            = "10.1088/1126-6708/2002/07/012",
eprint         = "hep-ph/0201195",
archivePrefix  = "arXiv",
primaryClass   = "hep-ph",
reportNumber   = "MSU-HEP-011101",
SLACcitation   = "%%CITATION = HEP-PH/0201195;%%"
}

@booklet{A14tune,
author = "{ATLAS Collaboration}",
title = "ATLAS Pythia~8 tunes to 7~TeV data",
report = "ATL-PHYS-PUB-2014-021",
howpublished = "{ATL-PHYS-PUB-2014-021}",
year = "2014",
url = "https://cds.cern.ch/record/1966419"
}

@booklet{ATLAS:2012uec,
title          = "{Summary of ATLAS Pythia 8 tunes}",
author         = "{ATLAS Collaboration}",
year           = "2012",
howpublished   = "{ATL-PHYS-PUB-2012-003}",
url            = "https://cds.cern.ch/record/1474107"
}

@Article{Cowan:2010js-witherratum,
   Author = {Cowan, Glen and Cranmer, Kyle and Gross, Eilam and Vitells, Ofer},
   Title = {{Asymptotic formulae for likelihood-based tests of new physics}},
   Journal = {Eur. Phys. J. C},
   Volume = {71},
   Year = {2011},
   Pages = {1554},
   doi = "10.1140/epjc/s10052-011-1554-0",
   Eprint = "1007.1727",
   Archiveprefix = {arXiv},
   Primaryclass = {physics.data-an},
   addendum = "Erratum: \href{http://dx.doi.org/10.1140/epjc/s10052-013-2501-z}{Eur. Phys. J. C \textbf{73} (2013) 2501}",
}

@Article{Read:2002hq,
    Author = {Read, Alexander L.},
    Journal = {J. Phys. G},
    Pages = {2693},
    doi = "10.1088/0954-3899/28/10/313",
    Title = {{Presentation of search results: the \(CL_S\) technique}},
    Volume = {28},
    Year = {2002}
}

@Booklet{TMVA,
    author         = "Hoecker, Andreas and others",
    title          = "{TMVA - Toolkit for Multivariate Data Analysis}",
    year           = "2007",
    eprint         = "physics/0703039",
    archivePrefix  = "arXiv",
    primaryClass   = "physics.data-an",
}

@article{Frixione:2008yi,
  author = "Frixione, Stefano and Laenen, Eric and Motylinski, Patrick and Webber, Bryan R. and White, Chris D.",
  title = "{Single-top hadroproduction in association with a W boson}",
  eprint = "0805.3067",
  archivePrefix = "arXiv",
  primaryClass = "hep-ph",
  reportNumber = "CERN-TH-2008-104, ITP-UU-08-27, NIKHEF-2008-005, ITFA-2008-16, CAVENDISH-HEP-08-06",
  doi = "10.1088/1126-6708/2008/07/029",
  journal = "JHEP",
  volume = "07",
  pages = "029",
  year = "2008"
}

@article{ttbarXsec,
  author = "M. Czakon and A. Mitov",
  collaboration = "ATLAS",
  title = "{Top++: A program for the calculation of the top-pair cross-section at hadron colliders}",
  journal        = "Comput. Phys. Commun.",
  volume         = 185,
  year           = 2014,
  pages          = "2930",
  eprint = "1112.5675",
  archivePrefix = "arXiv",
  primaryClass = "hep-ph",
}

@article{stop_sch_Xsec,
    author = "N. Kidonakis",
    title = "{Next-to-next-to-leading logarithm resummation for $s$-channel single top quark production}",
    eprint = "1001.5034",
    archivePrefix = "arXiv",
    primaryClass = "hep-ph",
    journal = "Phys. Rev. D",
    volume = "81",
    pages = "054028",
    year = "2010",
    doi = "10.1103/PhysRevD.81.054028"
}

@article{stop_tch_Xsec,
    author = "N. Kidonakis",
    title = "{Next-to-next-to-leading-order collinear and soft gluon corrections for $t$-channel single top quark production}",
    eprint = "1103.2792",
    archivePrefix = "arXiv",
    primaryClass = "hep-ph",
    journal = "Phys. Rev. D",
    volume = "83",
    pages = "091503",
    year = "2011",
    doi = "10.1103/PhysRevD.83.091503"
}

@article{Ciccolini:2003jy,
      	author         	= "Ciccolini, M.L. and Dittmaier, S. and {Kr\"amer}, M.",
	title 			= "{Electroweak radiative corrections to associated $WH$ and $ZH$ production at hadron colliders}",
      journal        = "Phys. Rev. D",
      volume         = "68",
      year           = "2003",
      pages          = "073003",
      doi            = "10.1103/PhysRevD.68.073003",
      eprint         = "hep-ph/0306234",
      archivePrefix  = "arXiv",
      primaryClass   = "hep-ph",
      reportNumber   = "EDINBURGH-2003-05, MPI-PHT-2003-24",
      SLACcitation   = "%%CITATION = HEP-PH/0306234;%%"
}
% NLO EW corrections for DIFFERENTIAL cross sections including W/Z decays - HAWK documentation for WH/ZH 

% NNLO QCD Higgs-strahlung

@article{Brein:2003wg,
      	author         	= "Brein, Oliver and Djouadi, Abdelhak and Harlander, Robert",
      	title          		= "{NNLO QCD corrections to the Higgs-strahlung processes at hadron colliders}",
      	journal        	= "Phys. Lett. B",
      	volume         	= "579",
      	pages          	= "149-156",
      	doi            		= "10.1016/j.physletb.2003.10.112",
      	year           	= "2004",
      	eprint         	= "hep-ph/0307206",
      	archivePrefix	= "arXiv",
      	primaryClass 	= "hep-ph",
      	reportNumber 	= "MPP-2003-35, CERN-TH-2003-161, PM-03-16",
      	SLACcitation 	= "%%CITATION = HEP-PH/0307206;%%",
}

@article{Ferrera:2011bk,
      	author         	= "Ferrera, Giancarlo and Grazzini, Massimiliano and Tramontano, Francesco",
      	title          	= "{Associated Higgs-$W$-Boson Production at Hadron Colliders: A Fully Exclusive QCD Calculation at NNLO}",
      	journal        	= "Phys. Rev. Lett.",
      	volume         	= "107",
      	pages          	= "152003",
      	doi            		= "10.1103/PhysRevLett.107.152003",
      	year           	= "2011",
      	eprint         	= "1107.1164",
      	archivePrefix 	= "arXiv",
      	primaryClass 	= "hep-ph",
      	reportNumber 	= "CERN-PH-TH-2011-159, ZU-TH-14-11",
      	SLACcitation 	= "%%CITATION = ARXIV:1107.1164;%%",
}

@article{Brein:2011vx,
      author         		= "Brein, Oliver and Harlander, Robert and Wiesemann, Marius and Zirke, Tom",
      title          		= "{Top-quark mediated effects in hadronic Higgs-Strahlung}",
      journal        		= "Eur. Phys. J. C",
      volume         	= "72",
      year           		= "2012",
      pages          	= "1868",
      doi            		= "10.1140/epjc/s10052-012-1868-6",
      eprint         		= "1111.0761",
      archivePrefix 	= "arXiv",
      primaryClass 	= "hep-ph",
      reportNumber 	= "CERN-PH-TH-2011-268, FR-PHENO-2011-016, WUB-11-15",
      SLACcitation 	= "%%CITATION = ARXIV:1111.0761;%%"
}

@article{Ferrera:2013yga,
      author         		= "Ferrera, Giancarlo and Grazzini, Massimiliano and Tramontano, Francesco",
      title          		= "{Higher-order QCD effects for associated WH production and decay at the LHC}",
      journal        		= "JHEP",
      volume         	= "04",
      year           		= "2014",
      pages          	= "039",
      doi            		= "10.1007/JHEP04(2014)039",
      eprint         		= "1312.1669",
      archivePrefix  	= "arXiv",
      primaryClass   	= "hep-ph",
      reportNumber   = "DF-08-2013, IFUM-1019-FT, ZU-TH-27-13",
      SLACcitation   	= "%%CITATION = ARXIV:1312.1669;%%"
}

% NNLO QCD corrections to DIFFERENTIAL ZH cross section

@article{Ferrera:2014lca,
      author         		= "Ferrera, Giancarlo and Grazzini, Massimiliano and Tramontano, Francesco",
      title          		= "{Associated ZH production at hadron colliders: The fully differential NNLO QCD calculation}",
      journal        		= "Phys. Lett. B",
      volume         	= "740",
      year           		= "2015",
      pages          	= "51-55",
      doi            		= "10.1016/j.physletb.2014.11.040",
      eprint         		= "1407.4747",
      archivePrefix 	= "arXiv",
      primaryClass  	= "hep-ph",
      reportNumber   	= "IFUM-1031-FT, ZU-TH-23-14",
      SLACcitation 	= "%%CITATION = ARXIV:1407.4747;%%"
}

% NNLO QCD differential 

@article{Campbell:2016jau,
      author         		= "Campbell, John M. and Ellis, R. Keith and Williams, Ciaran",
      title          		= "{Associated production of a Higgs boson at NNLO}",
      journal        		= "JHEP",
      volume         	= "06",
      year           		= "2016",
      pages          	= "179",
      doi            		= "10.1007/JHEP06(2016)179",
      eprint         		= "1601.00658",
      archivePrefix  	= "arXiv",
      primaryClass   	= "hep-ph",
      reportNumber   	= "IPPP-15-78, FERMILAB-PUB-16-001-T",
      SLACcitation   	= "%%CITATION = ARXIV:1601.00658;%%"
}

@article{Altenkamp:2012sx,
      author         		= "Altenkamp, Lukas and Dittmaier, Stefan and Harlander, Robert V. and Rzehak, Heidi and Zirke, Tom J. E.",
      title          		= "{Gluon-induced Higgs-strahlung at next-to-leading order QCD}",
      journal        		= "JHEP",
      volume         	= "02",
      year           		= "2013",
      pages          	= "078",
      doi            		= "10.1007/JHEP02(2013)078",
      eprint         		= "1211.5015",
      archivePrefix 	= "arXiv",
      primaryClass	= "hep-ph",
      reportNumber   	= "CERN-PH-TH-2012-312, FR-PHENO-2012-023, WUB-12-21",
      SLACcitation 	= "%%CITATION = ARXIV:1211.5015;%%"
}

@article{Hespel:2015zea,
      author         		= "Hespel, B. and Maltoni, F. and Vryonidou, E.",
      title          		= "{Higgs and Z boson associated production via gluon fusion in the SM and the 2HDM}",
      journal        		= "JHEP",
      volume         	= "06",
      year           		= "2015",
      pages          	= "065",
      doi            		= "10.1007/JHEP06(2015)065",
      eprint         		= "1503.01656",
      archivePrefix  	= "arXiv",
      primaryClass   	= "hep-ph",
      reportNumber   	= "CP3-15-05, MCNET-15-04",
      SLACcitation   	= "%%CITATION = ARXIV:1503.01656;%%"
}

% gg->ZH NLL(QCD) calculation   
@article {ggzhnll,
      author         = "Harlander, Robert V. and Kulesza, Anna and Theeuwes,
                        Vincent and Zirke, Tom",
      title          = "{Soft gluon resummation for gluon-induced Higgs
                        Strahlung}",
      journal        = "JHEP",
      volume         = "11",
      year           = "2014",
      pages          = "082",
      doi            = "10.1007/JHEP11(2014)082",
      eprint         = "1410.0217",
      archivePrefix  = "arXiv",
      primaryClass   = "hep-ph",
      reportNumber   = "MS-TP-14-17, WUB-14-10, LPN14-112",
      SLACcitation   = "%%CITATION = ARXIV:1410.0217;%%"
}

@article{Harlander:2013mla,
      author         = "Harlander, Robert V. and Liebler, Stefan and Zirke, Tom",
      title          = "{Higgs Strahlung at the Large Hadron Collider in the
                        2-Higgs-doublet model}",
      journal        = "JHEP",
      volume         = "02",
      year           = "2014",
      pages          = "023",
      doi            = "10.1007/JHEP02(2014)023",
      eprint         = "1307.8122",
      archivePrefix  = "arXiv",
      primaryClass   = "hep-ph",
      reportNumber   = "WUB-13-12",
      SLACcitation   = "%%CITATION = ARXIV:1307.8122;%%"
}

@article{Brein:2012ne,
      author         = "Brein, Oliver and Harlander, Robert V. and Zirke, Tom J.
                        E.",
      title          = "{vh@nnlo - Higgs Strahlung at hadron colliders}",
      journal        = "Comput. Phys. Commun.",
      volume         = "184",
      year           = "2013",
      pages          = "998-1003",
      doi            = "10.1016/j.cpc.2012.11.002",
      eprint         = "1210.5347",
      archivePrefix  = "arXiv",
      primaryClass   = "hep-ph",
      SLACcitation   = "%%CITATION = ARXIV:1210.5347;%%"
}

@Article{tauFakeFactor1,
    author         = "{ATLAS Collaboration}",
    title          = "{Search for additional heavy neutral Higgs and gauge bosons in the ditau final state produced in 36 fb$^{-1}$ of $pp$ collisions at $\sqrt{s}=13$ TeV with the ATLAS detector}",
    journal        = "JHEP",
    volume         = "01",
    year           = "2018",
    pages          = "044",
    eprint         = "1709.07242",
    archivePrefix  = "arXiv",
    primaryClass   = "hep-ex",
}

@Article{tauFakeFactor1,
    author         = "{ATLAS Collaboration}",
    title          = "{Search for additional heavy neutral Higgs and gauge bosons in the ditau final state produced in 36 fb$^{-1}$ of $pp$ collisions at $\sqrt{s}=13$ TeV with the ATLAS detector}",
    journal        = "JHEP",
    volume         = "01",
    year           = "2018",
    pages          = "044",
    eprint         = "1709.07242",
    archivePrefix  = "arXiv",
    primaryClass   = "hep-ex",
}


@misc{tensorflow2015-whitepaper,
title={ {TensorFlow}: Large-Scale Machine Learning on Heterogeneous Systems},
url={https://www.tensorflow.org/},
note={Software available from tensorflow.org},
author={
Martin~Abadi and
Ashish~Agarwal and
Paul~Barham and
Eugene~Brevdo and
Zhifeng~Chen and
Craig~Citro and
Greg~S.~Corrado and
Andy~Davis and
Jeffrey~Dean and
Matthieu~Devin and
Sanjay~Ghemawat and
Ian~Goodfellow and
Andrew~Harp and
Geoffrey~Irving and
Michael~Isard and
Yangqing Jia and
Rafal~Jozefowicz and
Lukasz~Kaiser and
Manjunath~Kudlur and
Josh~Levenberg and
Dandelion~Man\'{e} and
Rajat~Monga and
Sherry~Moore and
Derek~Murray and
Chris~Olah and
Mike~Schuster and
Jonathon~Shlens and
Benoit~Steiner and
Ilya~Sutskever and
Kunal~Talwar and
Paul~Tucker and
Vincent~Vanhoucke and
Vijay~Vasudevan and
Fernanda~Vi\'{e}gas and
Oriol~Vinyals and
Pete~Warden and
Martin~Wattenberg and
Martin~Wicke and
Yuan~Yu and
Xiaoqiang~Zheng
},
year={2015},
}


@article{Dawson:1998py,
author = "Dawson, S. and Dittmaier, S. and Spira, M.",
title = "{Neutral Higgs boson pair production at hadron colliders: QCD corrections}",
eprint = "hep-ph/9805244",
archivePrefix = "arXiv",
reportNumber = "DESY-98-028, BNL-HET-98-15, CERN-TH-98-135",
doi = "10.1103/PhysRevD.58.115012",
journal = "Phys. Rev. D",
volume = "58",
pages = "115012",
year = "1998"
}


@article{Borowka:2016ehy,
author = "Borowka, S. and Greiner, N. and Heinrich, G. and Jones, S. P. and Kerner, M. and Schlenk, J. and Schubert, U. and Zirke, T.",
title = "{Higgs Boson Pair Production in Gluon Fusion at Next-to-Leading Order with Full Top-Quark Mass Dependence}",
eprint = "1604.06447",
archivePrefix = "arXiv",
primaryClass = "hep-ph",
reportNumber = "MPP-2016-80, NSF-KITP-16-040, ZH-TH-14-16",
doi = "10.1103/PhysRevLett.117.079901",
journal = "Phys. Rev. Lett.",
volume = "117",
number = "1",
pages = "012001",
year = "2016",
addendum = "Erratum: \href{https://journals.aps.org/prl/abstract/10.1103/PhysRevLett.117.079901}{Phys. Rev. Lett. 117, (2016) 079901}"
}


@article{Baglio:2018lrj,
author = {Baglio, Julien and Campanario, Francisco and Glaus, Seraina and M\"uhlleitner, Margarete and Spira, Michael and Streicher, Juraj},
title = "{Gluon fusion into Higgs pairs at NLO QCD and the top mass scheme}",
eprint = "1811.05692",
archivePrefix = "arXiv",
primaryClass = "hep-ph",
reportNumber = "FTUV-18-1113, IFIC/18-55, KA-TP-32-2018, PSI-PR-18-14",
doi = "10.1140/epjc/s10052-019-6973-3",
journal = "Eur. Phys. J. C",
volume = "79",
number = "6",
pages = "459",
year = "2019"
}


@article{deFlorian:2013jea,
author = "de Florian, Daniel and Mazzitelli, Javier",
title = "{Higgs Boson Pair Production at Next-to-Next-to-Leading Order in QCD}",
eprint = "1309.6594",
archivePrefix = "arXiv",
primaryClass = "hep-ph",
doi = "10.1103/PhysRevLett.111.201801",
journal = "Phys. Rev. Lett.",
volume = "111",
pages = "201801",
year = "2013"
}


@article{Shao:2013bz,
author = "Shao, Ding Yu and Li, Chong Sheng and Li, Hai Tao and Wang, Jian",
title = "{Threshold resummation effects in Higgs boson pair production at the LHC}",
eprint = "1301.1245",
archivePrefix = "arXiv",
primaryClass = "hep-ph",
doi = "10.1007/JHEP07(2013)169",
journal = "JHEP",
volume = "07",
pages = "169",
year = "2013"
}


@article{deFlorian:2015moa,
author = "de Florian, Daniel and Mazzitelli, Javier",
title = "{Higgs pair production at next-to-next-to-leading logarithmic accuracy at the LHC}",
eprint = "1505.07122",
archivePrefix = "arXiv",
primaryClass = "hep-ph",
doi = "10.1007/JHEP09(2015)053",
journal = "JHEP",
volume = "09",
pages = "053",
year = "2015"
}


@article{Grazzini:2018bsd,
author = "Grazzini, Massimiliano and Heinrich, Gudrun and Jones, Stephen and Kallweit, Stefan and Kerner, Matthias and Lindert, Jonas M. and Mazzitelli, Javier",
title = "{Higgs boson pair production at NNLO with top quark mass effects}",
eprint = "1803.02463",
archivePrefix = "arXiv",
primaryClass = "hep-ph",
reportNumber = "CERN-TH-2018-044, IPPP/18/15, MPP-2018-30, ZU-TH 10/18, IPPP-18-15, ZU-TH-10-18",
doi = "10.1007/JHEP05(2018)059",
journal = "JHEP",
volume = "05",
pages = "059",
year = "2018"
}

@article{Baglio:2012np,
    author = {Baglio, J. and Djouadi, A. and Gr\"ober, R. and M\"uhlleitner, M. M. and Quevillon, J. and Spira, M.},
    title = "{The measurement of the Higgs self-coupling at the LHC: theoretical status}",
    eprint = "1212.5581",
    archivePrefix = "arXiv",
    primaryClass = "hep-ph",
    reportNumber = "KA-TP-44-2012, SFB-CPP-12-102, LPT-ORSAY-12-124, PSI-PR-12-10",
    doi = "10.1007/JHEP04(2013)151",
    journal = "JHEP",
    volume = "04",
    pages = "151",
    year = "2013"
}

@article{Frederix:2014hta,
    author = "Frederix, R. and Frixione, S. and Hirschi, V. and Maltoni, F. and Mattelaer, O. and Torrielli, P. and Vryonidou, E. and Zaro, M.",
    title = "{Higgs pair production at the LHC with NLO and parton-shower effects}",
    eprint = "1401.7340",
    archivePrefix = "arXiv",
    primaryClass = "hep-ph",
    reportNumber = "CERN-PH-TH-2014-014, CP3-14-07, ZU-TH03-14, LPN14-055",
    doi = "10.1016/j.physletb.2014.03.026",
    journal = "Phys. Lett. B",
    volume = "732",
    pages = "142--149",
    year = "2014"
}

@article{Ling:2014sne,
    author = "Ling, Liu-Sheng and Zhang, Ren-You and Ma, Wen-Gan and Guo, Lei and Li, Wei-Hua and Li, Xiao-Zhou",
    title = "{NNLO QCD corrections to Higgs pair production via vector boson fusion at hadron colliders}",
    eprint = "1401.7754",
    archivePrefix = "arXiv",
    primaryClass = "hep-ph",
    doi = "10.1103/PhysRevD.89.073001",
    journal = "Phys. Rev. D",
    volume = "89",
    number = "7",
    pages = "073001",
    year = "2014"
}

@article{Dreyer:2018rfu,
    author = "Dreyer, Fr\'ed\'eric A. and Karlberg, Alexander",
    title = "{Fully differential vector-boson fusion Higgs pair production at next-to-next-to-leading order}",
    eprint = "1811.07918",
    archivePrefix = "arXiv",
    primaryClass = "hep-ph",
    doi = "10.1103/PhysRevD.99.074028",
    journal = "Phys. Rev. D",
    volume = "99",
    number = "7",
    pages = "074028",
    year = "2019"
}

@article{Dreyer:2018qbw,
    author = "Dreyer, Fr\'ed\'eric A. and Karlberg, Alexander",
    title = "{Vector-boson fusion Higgs pair production at N$^3$LO}",
    eprint = "1811.07906",
    archivePrefix = "arXiv",
    primaryClass = "hep-ph",
    reportNumber = "OUTP-18-09P, ZU-TH 38/18",
    doi = "10.1103/PhysRevD.98.114016",
    journal = "Phys. Rev. D",
    volume = "98",
    number = "11",
    pages = "114016",
    year = "2018"
}

@misc{chollet2015keras,
title={Keras},
author={Chollet, Fran\c{c}ois and others},
year={2015},
howpublished={\url{https://keras.io}},
}

@book{Goodfellow-et-al-2016,
title={Deep Learning},
author={Ian Goodfellow and Yoshua Bengio and Aaron Courville},
publisher={MIT Press},
note={\url{http://www.deeplearningbook.org}},
year={2016}
}

@article{Sirunyan:2020xok,
author = "{CMS Collaboration}",
collaboration = "CMS",
title = "{Search for nonresonant Higgs boson pair production in final states with two bottom quarks and two photons in proton-proton collisions at $ \sqrt{s} $ = 13 TeV}",
eprint = "2011.12373",
archivePrefix = "arXiv",
primaryClass = "hep-ex",
reportNumber = "CMS-HIG-19-018, CERN-EP-2020-222",
doi = "10.1007/JHEP03(2021)257",
journal = "JHEP",
volume = "03",
pages = "257",
year = "2021"
}

@article{Barlow:1993dm,
    author = "Barlow, Roger J. and Beeston, Christine",
    title = "{Fitting using finite Monte Carlo samples}",
    reportNumber = "MAN-HEP-93-1",
    doi = "10.1016/0010-4655(93)90005-W",
    journal = "Comput. Phys. Commun.",
    volume = "77",
    pages = "219--228",
    year = "1993"
}

@article{ATLAS:2020azv,
    author = "{ATLAS Collaboration}",
    collaboration = "ATLAS",
    title = "{Reconstruction and identification of boosted di-$\tau$ systems in a search for Higgs boson pairs using 13 TeV proton-proton collision data in ATLAS}",
    eprint = "2007.14811",
    archivePrefix = "arXiv",
    primaryClass = "hep-ex",
    reportNumber = "CERN-EP-2020-118",
    doi = "10.1007/JHEP11(2020)163",
    journal = "JHEP",
    volume = "11",
    pages = "163",
    year = "2020"
}

@article{CMS:2020tkr,
    author = "{CMS Collaboration}",
    collaboration = "CMS",
    title = "{Search for nonresonant Higgs boson pair production in final states with two bottom quarks and two photons in proton-proton collisions at $ \sqrt{s} $ = 13 TeV}",
    eprint = "2011.12373",
    archivePrefix = "arXiv",
    primaryClass = "hep-ex",
    reportNumber = "CMS-HIG-19-018, CERN-EP-2020-222",
    doi = "10.1007/JHEP03(2021)257",
    journal = "JHEP",
    volume = "03",
    pages = "257",
    year = "2021"
}

@article{Baglio:2020wgt,
    author = {Baglio, J. and Campanario, F. and Glaus, S. and M\"uhlleitner, M. and Ronca, J. and Spira, M.},
    title = "{$gg\to HH$ : Combined uncertainties}",
    eprint = "2008.11626",
    archivePrefix = "arXiv",
    primaryClass = "hep-ph",
    reportNumber = "CERN-TH-2020-139, IFIC/20-42, FTUV-20-0823, KA-TP-11-2020,
  PSI-PR-20-13, KA-TP-11-2020, PSI-PR-20-13",
    doi = "10.1103/PhysRevD.103.056002",
    journal = "Phys. Rev. D",
    volume = "103",
    number = "5",
    pages = "056002",
    year = "2021"
}

@article{Herwigpp,
      author         = "{M. B{\"a}hr et al.}",
      title          = "{Herwig++ Physics and Manual}",
      journal        = "Eur. Phys. J.",
      volume         = "C58",
      year           = "2008",
      pages          = "639-707",
      doi            = "10.1140/epjc/s10052-008-0798-9",
      eprint         = "0803.0883",
      archivePrefix  = "arXiv",
      primaryClass   = "hep-ph",
      reportNumber   = "CERN-PH-TH-2008-038, CAVENDISH-HEP-08-03, KA-TP-05-2008,
                        DCPT-08-22, IPPP-08-11, CP3-08-05",
      SLACcitation   = "%%CITATION = ARXIV:0803.0883;%%"
}

@article{Herwigpp2,
      author         = "{J. Bellm et al.}",
      title          = "{Herwig 7.0/Herwig++ 3.0 release note}",
      journal        = "Eur. Phys. J.",
      volume         = "C76",
      year           = "2016",
      pages          = "196",
      eprint         = "1512.01178",
      archivePrefix  = "arXiv",
      primaryClass   = "hep-ph",
}

@techreport{ATLAS-CONF-2021-035,
author        = "{ATLAS Collaboration}",
title         = "{Search for resonant pair production of Higgs bosons in the $b\bar{b}b\bar{b}$ final state using $pp$ collisions at $\sqrt{s}$ = 13 TeV with the ATLAS detector}",
institution   = "CERN",
collaboration = "ATLAS Collaboration",
address       = "Geneva",
reportNumber  = "ATLAS-CONF-2021-035",
month         = "Aug",
year          = "2021",
url           = "https://cds.cern.ch/record/2777861",
}

@article{global-significance,
   title={Trial factors for the look elsewhere effect in high energy physics},
   volume={70},
   ISSN={1434-6052},
   url={http://dx.doi.org/10.1140/epjc/s10052-010-1470-8},
   DOI={10.1140/epjc/s10052-010-1470-8},
   number={1-2},
   journal={The European Physical Journal C},
   publisher={Springer Science and Business Media LLC},
   author={Gross, Eilam and Vitells, Ofer},
   year={2010},
   month={Oct},
   pages={525-530}
}
