% Put you own bibliography entries in this file

@article{PhysRevLett.13.321,
  title = {Broken Symmetry and the Mass of Gauge Vector Mesons},
  author = {Englert, F. and Brout, R.},
  journal = {Phys. Rev. Lett.},
  volume = {13},
  issue = {9},
  pages = {321--323},
  numpages = {0},
  year = {1964},
  month = {Aug},
  publisher = {American Physical Society},
  doi = {10.1103/PhysRevLett.13.321},
  url = {https://link.aps.org/doi/10.1103/PhysRevLett.13.321}
}

@article{HIGGS1964132,
title = "Broken symmetries, massless particles and gauge fields",
journal = "Physics Letters",
volume = "12",
number = "2",
pages = "132 - 133",
year = "1964",
issn = "0031-9163",
doi = "https://doi.org/10.1016/0031-9163(64)91136-9",
url = "http://www.sciencedirect.com/science/article/pii/0031916364911369",
author = "P.W. Higgs"
}

@article{PhysRevLett.13.508,
  title = {Broken Symmetries and the Masses of Gauge Bosons},
  author = {Higgs, Peter W.},
  journal = {Phys. Rev. Lett.},
  volume = {13},
  issue = {16},
  pages = {508--509},
  numpages = {0},
  year = {1964},
  month = {Oct},
  publisher = {American Physical Society},
  doi = {10.1103/PhysRevLett.13.508},
  url = {https://link.aps.org/doi/10.1103/PhysRevLett.13.508}
}

@article{PhysRev.145.1156,
  title = {Spontaneous Symmetry Breakdown without Massless Bosons},
  author = {Higgs, Peter W.},
  journal = {Phys. Rev.},
  volume = {145},
  issue = {4},
  pages = {1156--1163},
  numpages = {0},
  year = {1966},
  month = {May},
  publisher = {American Physical Society},
  doi = {10.1103/PhysRev.145.1156},
  url = {https://link.aps.org/doi/10.1103/PhysRev.145.1156}
}

@article{PhysRevLett.13.585,
  title = {Global Conservation Laws and Massless Particles},
  author = {Guralnik, G. S. and Hagen, C. R. and Kibble, T. W. B.},
  journal = {Phys. Rev. Lett.},
  volume = {13},
  issue = {20},
  pages = {585--587},
  numpages = {0},
  year = {1964},
  month = {Nov},
  publisher = {American Physical Society},
  doi = {10.1103/PhysRevLett.13.585},
  url = {https://link.aps.org/doi/10.1103/PhysRevLett.13.585}
}

@article{PhysRev.155.1554,
  title = {Symmetry Breaking in Non-Abelian Gauge Theories},
  author = {Kibble, T. W. B.},
  journal = {Phys. Rev.},
  volume = {155},
  issue = {5},
  pages = {1554--1561},
  numpages = {0},
  year = {1967},
  month = {Mar},
  publisher = {American Physical Society},
  doi = {10.1103/PhysRev.155.1554},
  url = {https://link.aps.org/doi/10.1103/PhysRev.155.1554}
}

@article{Grazzini:2018bsd,
    author = "Grazzini, Massimiliano and Heinrich, Gudrun and Jones, Stephen and Kallweit, Stefan and Kerner, Matthias and Lindert, Jonas M. and Mazzitelli, Javier",
    title = "{Higgs boson pair production at NNLO with top quark mass effects}",
    eprint = "1803.02463",
    archivePrefix = "arXiv",
    primaryClass = "hep-ph",
    reportNumber = "CERN-TH-2018-044, IPPP/18/15, MPP-2018-30, ZU-TH 10/18, IPPP-18-15, ZU-TH-10-18",
    doi = "10.1007/JHEP05(2018)059",
    journal = "JHEP",
    volume = "05",
    pages = "059",
    year = "2018"
}

@article{PhysRevD.76.036006,
  title = {Warped gravitons at the CERN LHC and beyond},
  author = {Agashe, Kaustubh and Davoudiasl, Hooman and Perez, Gilad and Soni, Amarjit},
  journal = {Phys. Rev. D},
  volume = {76},
  issue = {3},
  pages = {036006},
  numpages = {9},
  year = {2007},
  month = {Aug},
  publisher = {American Physical Society},
  doi = {10.1103/PhysRevD.76.036006},
  url = {https://link.aps.org/doi/10.1103/PhysRevD.76.036006}
}

@article{Fitzpatrick_2007,
	doi = {10.1088/1126-6708/2007/09/013},
	url = {https://doi.org/10.1088%2F1126-6708%2F2007%2F09%2F013},
	year = 2007,
	month = {sep},
	publisher = {Springer Science and Business Media {LLC}},
	volume = {2007},
	number = {09},
	pages = {013--013},
	author = {Liam Fitzpatrick and Jared Kaplan and Lisa Randall and Lian-Tao Wang},
	title = {Searching for the Kaluza-Klein graviton in bulk {RS} models},
	journal = {Journal of High Energy Physics}
	}
	
@article{PhysRevD.96.072004,
  title = {Search for Higgs boson pair production in the $bb\ensuremath{\tau}\ensuremath{\tau}$ final state in proton-proton collisions at $\sqrt{(}s)=8\text{ }\text{ }\mathrm{TeV}$},
  author = {CMS Collaboration},
  journal = {Phys. Rev. D},
  volume = {96},
  issue = {7},
  pages = {072004},
  numpages = {25},
  year = {2017},
  month = {Oct},
  publisher = {American Physical Society},
  doi = {10.1103/PhysRevD.96.072004},
  url = {https://link.aps.org/doi/10.1103/PhysRevD.96.072004}
}

@article{Sirunyan:2017djm,
    author = {CMS Collaboration},
    title = "{Search for Higgs boson pair production in events with two bottom quarks and two tau leptons in proton--proton collisions at $\sqrt s$ =13TeV}",
    eprint = "1707.02909",
    archivePrefix = "arXiv",
    primaryClass = "hep-ex",
    reportNumber = "CMS-HIG-17-002, CERN-EP-2017-126",
    doi = "10.1016/j.physletb.2018.01.001",
    journal = "Phys. Lett. B",
    volume = "778",
    pages = "101--127",
    year = "2018"
}

@article{Elagin:2010aw,
    author = "Elagin, A. and Murat, P. and Pranko, A. and Safonov, A.",
    title = "{A New Mass Reconstruction Technique for Resonances Decaying to di-tau}",
    eprint = "1012.4686",
    archivePrefix = "arXiv",
    primaryClass = "hep-ex",
    reportNumber = "FERMILAB-PUB-11-918-PPD",
    doi = "10.1016/j.nima.2011.07.009",
    journal = "Nucl. Instrum. Meth. A",
    volume = "654",
    pages = "481--489",
    year = "2011"
}

@article{bib:lq_pairing,
    author = "",
    title = "{Search for Pair Production of Scalar Leptoquarks with the ATLAS Detector}",
    url = {https://cds.cern.ch/record/2278171/files/ATL-COM-PHYS-2017-1149.pdf}
}

%=============================================

@article{Branco:2011iw,
hideauthor         = "G.C. Branco, P.M. Ferreira, L. Lavoura,
	                        M.N. Rebelo, M. Sher and J.P. Silva",
hideauthor         = "Branco, G.C. and Ferreira, P.M. and Lavoura, L. and
                      Rebelo, M.N. and Sher, Marc and others",
author         = "Branco, G.C. and others",
title          = "{Theory and phenomenology of two-Higgs-doublet models}",
journal        = "Phys. Rept. ",
volume         = "516",
pages          = "1-102",
doi            = "10.1016/j.physrep.2012.02.002",
year           = "2012",
eprint         = "1106.0034",
archivePrefix  = "arXiv",
primaryClass   = "hep-ph",
SLACcitation   = "%%CITATION = ARXIV:1106.0034;%%"
}


@article{mg5_lo,
author         = "Alwall, Johan and Herquet, Michel and Maltoni, Fabio and
	                        Mattelaer, Olivier and Stelzer, Tim",
title          = "{MadGraph 5: going beyond}",
journal        = "JHEP",
volume         = "06",
year           = "2011",
pages          = "128",
doi            = "10.1007/JHEP06(2011)128",
eprint         = "1106.0522",
archivePrefix  = "arXiv",
primaryClass   = "hep-ph",
reportNumber   = "FERMILAB-PUB-11-448-T",
SLACcitation   = "%%CITATION = ARXIV:1106.0522;%%"
}

%=============================================

@article{Herwigpp,
      author         = "Bahr, M. and others",
      title          = "{Herwig++ Physics and Manual}",
      journal        = "Eur. Phys. J.",
      volume         = "C58",
      year           = "2008",
      pages          = "639-707",
      doi            = "10.1140/epjc/s10052-008-0798-9",
      eprint         = "0803.0883",
      archivePrefix  = "arXiv",
      primaryClass   = "hep-ph",
      reportNumber   = "CERN-PH-TH-2008-038, CAVENDISH-HEP-08-03, KA-TP-05-2008,
                        DCPT-08-22, IPPP-08-11, CP3-08-05",
      SLACcitation   = "%%CITATION = ARXIV:0803.0883;%%"
}

%=============================================

@article{NNPDF23PDFSet,
title = "Parton distributions with LHC data",
journal = "Nuclear Physics B",
volume = "867",
number = "2",
pages = "244 - 289",
year = "2013",
issn = "0550-3213",
doi = "https://doi.org/10.1016/j.nuclphysb.2012.10.003",
url = "http://www.sciencedirect.com/science/article/pii/S0550321312005500",
author = "Richard D. Ball and Valerio Bertone and Stefano Carrazza and Christopher S. Deans and Luigi Del Debbio and Stefano Forte and Alberto Guffanti and Nathan P. Hartland and José I. Latorre and Juan Rojo and Maria Ubiali",
keywords = "LHC, Collider physics, Parton distributions, QCD"
}

@article{CKKW,
    author = "Lönnblad, Leif and Prestel, Stefan",
    title = "{Merging Multi-leg NLO Matrix Elements with Parton Showers}",
    eprint = "1211.7278",
    archivePrefix = "arXiv",
    primaryClass = "hep-ph",
    reportNumber = "MCNET-12-17, LU-TP-12-43",
    doi = "10.1007/JHEP03(2013)166",
    journal = "JHEP",
    volume = "03",
    pages = "166",
    year = "2013"
}

@article{NNLO1,
author = "Beenakker, W. and Kramer, M. and Plehn, T. and Spira, M. and Zerwas, P.M.",
title = "{Stop production at hadron colliders}",
eprint = "hep-ph/9710451",
archivePrefix = "arXiv",
reportNumber = "DESY-97-214, CERN-TH-97-177, RAL-TR-97-056",
doi = "10.1016/S0550-3213(98)00014-5",
journal = "Nucl. Phys. B",
volume = "515",
pages = "3--14",
year = "1998"
}

@article{NNLO2,
author = "Beenakker, Wim and Brensing, Silja and Kramer, Michael and Kulesza, Anna and Laenen, Eric and Niessen, Irene",
title = "{Supersymmetric top and bottom squark production at hadron colliders}",
eprint = "1006.4771",
archivePrefix = "arXiv",
primaryClass = "hep-ph",
reportNumber = "CERN-PH-TH-2010-142, ITFA-2010-015, ITP-UU-10-17, NIKHEF-2010-016, TTK-10-33",
doi = "10.1007/JHEP08(2010)098",
journal = "JHEP",
volume = "08",
pages = "098",
year = "2010"
}

@article{NNLO3,
    author = "Beenakker, Wim and Borschensky, Christoph and Krämer, Michael and Kulesza, Anna and Laenen, Eric",
    title = "{NNLL-fast: predictions for coloured supersymmetric particle production at the LHC with threshold and Coulomb resummation}",
    eprint = "1607.07741",
    archivePrefix = "arXiv",
    primaryClass = "hep-ph",
    reportNumber = "MS-TP-16-17, NIKHEF-2016-037, TTK-16-28",
    doi = "10.1007/JHEP12(2016)133",
    journal = "JHEP",
    volume = "12",
    pages = "133",
    year = "2016"
}

@article{NNLO4,
    author = "Beenakker, Wim and Borschensky, Christoph and Heger, Raphael and Krämer, Michael and Kulesza, Anna and Laenen, Eric",
    title = "{NNLL resummation for stop pair-production at the LHC}",
    eprint = "1601.02954",
    archivePrefix = "arXiv",
    primaryClass = "hep-ph",
    reportNumber = "MS-TP-16-01, TTK-16-01, NIKHEF-2016-002",
    doi = "10.1007/JHEP05(2016)153",
    journal = "JHEP",
    volume = "05",
    pages = "153",
    year = "2016"
}

@article{BUCHMULLER1987442,
title = "Leptoquarks in lepton-quark collisions",
journal = "Physics Letters B",
volume = "191",
number = "4",
pages = "442 - 448",
year = "1987",
issn = "0370-2693",
doi = "https://doi.org/10.1016/0370-2693(87)90637-X",
url = "http://www.sciencedirect.com/science/article/pii/037026938790637X",
author = "W. Buchmüller and R. Rückl and D. Wyler",
}

@article{Belyaev_2005,
	doi = {10.1088/1126-6708/2005/09/005},
	url = {https://doi.org/10.1088\%2F1126-6708\%2F2005\%2F09\%2F005},
	year = 2005,
	month = {sep},
	publisher = {Springer Science and Business Media {LLC}},
	volume = {2005},
	number = {09},
	pages = {005--005},
	author = {Alexander Belyaev and Claude Leroy and Rashid Mehdiyev and Alexander Pukhov},
	title = {Leptoquark single and pair production at {LHC} with {CalcHEP}/{CompHEP} in the complete model},
	journal = {Journal of High Energy Physics},
}

@article{Gieseke:2012ft,
author         = "Gieseke, Stefan and Rohr, Christian and Siodmok, Andrzej",
title          = "{Colour reconnections in Herwig++}",
journal        = "Eur. Phys. J. C",
volume         = "72",
year           = "2012",
pages          = "2225",
doi            = "10.1140/epjc/s10052-012-2225-5",
eprint         = "1206.0041",
archivePrefix  = "arXiv",
primaryClass   = "hep-ph",
reportNumber   = "MCNET-12-06, KA-TP-17-2012, MAN-HEP-2012-03",
SLACcitation   = "%%CITATION = ARXIV:1206.0041;%%"
}

@Article{ATLASSIM,
hideauthor = "G. Aad et al.",
hideauthor = "{ATLAS Collaboration (G. Aad et al.)}",
author = "{ATLAS Collaboration}",
title     = "{The ATLAS Simulation Infrastructure}",
journal        = "Eur. Phys. J. C",
volume         = "70",
pages          = "823-874",
doi            = "10.1140/epjc/s10052-010-1429-9",
year           = "2010",
eprint         = "1005.4568",
archivePrefix  = "arXiv",
primaryClass   = "physics.ins-det",
SLACcitation   = "%%CITATION = ARXIV:1005.4568;%%"
}

@Article{Powheg1,
author         = "{P. Nason}",
title      = "{A New method for combining NLO QCD with shower Monte Carlo algorithms}",
journal        = "JHEP",
hidevolume         = "0411",
volume         = "11",
pages          = "040",
doi            = "10.1088/1126-6708/2004/11/040",
year           = "2004",
eprint         = "hep-ph/0409146",
archivePrefix  = "arXiv",
primaryClass   = "hep-ph",
reportNumber   = "BICOCCA-FT-04-11",
SLACcitation   = "%%CITATION = HEP-PH/0409146;%%",
}

@article{Powheg2,
author         = "{S. Frixione, P. Nason and C. Oleari}",
title      = "{Matching NLO QCD computations with parton shower simulations: the POWHEG method}",
journal        = "JHEP",
hidevolume         = "0711",
volume         = "11",
pages          = "070",
doi            = "10.1088/1126-6708/2007/11/070",
year           = "2007",
eprint         = "0709.2092",
archivePrefix  = "arXiv",
primaryClass   = "hep-ph",
reportNumber   = "BICOCCA-FT-07-9, GEF-TH-21-2007",
SLACcitation   = "%%CITATION = ARXIV:0709.2092;%%"
}

@article{Powheg3,
author         = "Alioli, Simone and Nason, Paolo and Oleari, Carlo and Re,
                     Emanuele",
title      = "{A general framework for implementing NLO calculations in  shower Monte Carlo programs: the POWHEG BOX}",
journal        = "JHEP",
hidevolume         = "1006",
volume         = "06",
pages          = "043",
doi            = "10.1007/JHEP06(2010)043",
year           = "2010",
eprint         = "1002.2581",
archivePrefix  = "arXiv",
primaryClass   = "hep-ph",
reportNumber   = "DESY-10-018, SFB-CPP-10-22, IPPP-10-11, DCPT-10-22",
SLACcitation   = "%%CITATION = ARXIV:1002.2581;%%",
}

@article{PYTHIA64,
    author = "Sjostrand, Torbjorn and Mrenna, Stephen and Skands, Peter Z.",
    title = "{PYTHIA 6.4 Physics and Manual}",
    eprint = "hep-ph/0603175",
    archivePrefix = "arXiv",
    reportNumber = "FERMILAB-PUB-06-052-CD-T, LU-TP-06-13",
    doi = "10.1088/1126-6708/2006/05/026",
    journal = "JHEP",
    volume = "05",
    pages = "026",
    year = "2006"
}

@Article{PYTHIA82,
author = "Sjostrand, T, and others",
title = "An Introduction to PYTHIA 8.2",
journal = "Comput.Phys.Commun.",
volume = "191",
year = "2015",
pages = "159-177",
eprint = "1410.3012",
archivePrefix = "arXiv",
primaryClass = "hep-ph"
}

@booklet{A14tune,
author = "{ATLAS Collaboration}",
title = "ATLAS Pythia~8 tunes to 7~TeV data",
report = "ATL-PHYS-PUB-2014-021",
howpublished = "{ATL-PHYS-PUB-2014-021}",
year = "2014",
url = "https://cds.cern.ch/record/1966419"
}

@booklet{ATLAS:2012uec,
title          = "{Summary of ATLAS Pythia 8 tunes}",
author         = "{ATLAS Collaboration}",
year           = "2012",
howpublished   = "{ATL-PHYS-PUB-2012-003}",
url            = "https://cds.cern.ch/record/1474107"
}

@Article{EvtGen,
author         = "{D. J. Lange}",
title          = "{The EvtGen particle decay simulation package}",
journal        = "Nucl. Instrum. Meth. A",
volume         = "462",
year           = "2001",
pages          = "152",
doi            = "10.1016/S0168-9002(01)00089-4",
primaryClass   = "hep-ex"
}

@article{MadSpin,
author         = "Artoisenet, Pierre and Frederix, Rikkert and Mattelaer,
	                        Olivier and Rietkerk, Robbert",
title          = "{Automatic spin-entangled decays of heavy resonances in
	                        Monte Carlo simulations}",
journal        = "JHEP",
volume         = "03",
pages          = "015",
doi            = "10.1007/JHEP03(2013)015",
year           = "2013",
eprint         = "1212.3460",
archivePrefix  = "arXiv",
primaryClass   = "hep-ph",
reportNumber   = "NIKHEF-2012-021, CERN-PH-TH-2012-329",
SLACcitation   = "%%CITATION = ARXIV:1212.3460;%%",
}

@article{Bothmann:2019yzt,
      author         = "Bothmann, Enrico and others",
      title          = "{Event Generation with Sherpa 2.2}",
      journal        = "SciPost Phys.",
      volume         = "7",
      year           = "2019",
      number         = "3",
      pages          = "034",
      doi            = "10.21468/SciPostPhys.7.3.034",
      eprint         = "1905.09127",
      archivePrefix  = "arXiv",
      primaryClass   = "hep-ph",
      reportNumber   = "FERMILAB-PUB-19-218-T, SLAC-PUB-17433, IPPP/19/42,
                        MCNET-19-11",
      SLACcitation   = "%%CITATION = ARXIV:1905.09127;%%"
}

@Article{NNPDF,
author = "{NNPDF Collaboration}",
title=" Parton distributions for the LHC Run II",
eprint         = "1410.8849",
archivePrefix  = "arXiv",
year = "2014",
primaryClass   = "hep-ph"
}

@article{AZNLOtune,
author         = "{ATLAS Collaboration}",
title          = "{Measurement of the $Z/\gamma^{*}$ boson transverse momentum distribution in pp collisions at $\sqrt{s}$ = 7 TeV with the ATLAS detector}",     
journal        = "JHEP",
volume         = "09",
pages          = "145",
doi            = "10.1007/JHEP09(2014)145",
year           = "2014",
eprint         = "1406.3660",
archivePrefix  = "arXiv",
primaryClass   = "hep-ex",
reportNumber   = "",
SLACcitation   = "%%CITATION = ARXIV:1406.3660;%%"
}

@Article{CTEQ6L1,
hideauthor    = "{J. Pumplin, D. R. Stump, J.  Huston, H.-L. Lai, P. Nadolsky and W. K. Tung}",
author    = "{J. Pumplin et al.}",
title = "{New generation of parton distributions with uncertainties from global QCD analysis}",
journal        = "JHEP",
hidevolume         = "0207",
volume         = "07",
pages          = "012",
year           = "2002",
doi            = "10.1088/1126-6708/2002/07/012",
eprint         = "hep-ph/0201195",
archivePrefix  = "arXiv",
primaryClass   = "hep-ph",
reportNumber   = "MSU-HEP-011101",
SLACcitation   = "%%CITATION = HEP-PH/0201195;%%"
}

@article{Hxsec,
author         = "{de Florian}, D and others",
title          = "{Handbook of LHC Higgs Cross Sections: 4. Deciphering the
                        Nature of the Higgs Sector}",
collaboration  = "LHC Higgs Cross Section Working Group",
year           = "2016",
eprint         = "1610.07922",
archivePrefix  = "arXiv",
primaryClass   = "hep-ph",
reportNumber   = "FERMILAB-FN-1025-T",
SLACcitation   = "%%CITATION = ARXIV:1610.07922;%%"
}

@Article{Geant4,
hideauthor = "{GEANT4 Collaboration (S. Agostinelli et al.)}",
author = "{S. Agostinelli et al.}",
title = "{GEANT4 - a simulation toolkit}",
journal        = "Nucl. Instrum. Meth. A",
volume         = "506",
pages          = "250-303",
doi            = "10.1016/S0168-9002(03)01368-8",
year           = "2003",
reportNumber   = "SLAC-PUB-9350, FERMILAB-PUB-03-339",
SLACcitation   = "%%CITATION = NUIMA,A506,250;%%"
}

@article{Cacciari:2008gp,
      author         = "Cacciari, Matteo and Salam, Gavin P. and Soyez, Gregory",
      title          = "{The anti-$k_t$ jet clustering algorithm}",
      journal        = "JHEP",
      volume         = "04",
      year           = "2008",
      pages          = "063",
      doi            = "10.1088/1126-6708/2008/04/063",
      eprint         = "0802.1189",
      archivePrefix  = "arXiv",
      primaryClass   = "hep-ph",
      reportNumber   = "LPTHE-07-03",
      SLACcitation   = "%%CITATION = ARXIV:0802.1189;%%"
}

@article{Aaboud:2017aca,
      author         = "Aaboud, Morad and others",
      title          = "{Jet reconstruction and performance using particle flow
                        with the ATLAS Detector}",
      collaboration  = "ATLAS",
      journal        = "Eur. Phys. J.",
      volume         = "C77",
      year           = "2017",
      number         = "7",
      pages          = "466",
      doi            = "10.1140/epjc/s10052-017-5031-2",
      eprint         = "1703.10485",
      archivePrefix  = "arXiv",
      primaryClass   = "hep-ex",
      reportNumber   = "CERN-EP-2017-024",
      SLACcitation   = "%%CITATION = ARXIV:1703.10485;%%"
}

@article{Aad:2014rga,
      author         = "Aad, Georges and others",
      title          = "{Identification and energy calibration of hadronically
                        decaying tau leptons with the ATLAS experiment in $pp$
                        collisions at $\sqrt{s}$=8 TeV}",
      collaboration  = "ATLAS",
      journal        = "Eur. Phys. J.",
      volume         = "C75",
      year           = "2015",
      number         = "7",
      pages          = "303",
      doi            = "10.1140/epjc/s10052-015-3500-z",
      eprint         = "1412.7086",
      archivePrefix  = "arXiv",
      primaryClass   = "hep-ex",
      reportNumber   = "CERN-PH-EP-2014-227",
      SLACcitation   = "%%CITATION = ARXIV:1412.7086;%%"
}

@techreport{ATL-PHYS-PUB-2019-033,
      title         = "{Identification of hadronic tau lepton decays using neural
                       networks in the ATLAS experiment}",
      institution   = "CERN",
      collaboration = "ATLAS Collaboration",
      address       = "Geneva",
      number        = "ATL-PHYS-PUB-2019-033",
      month         = "Aug",
      year          = "2019",
      reportNumber  = "ATL-PHYS-PUB-2019-033",
      url           = "https://cds.cern.ch/record/2688062",
}

@article{Aaboud:2018tkc,
      author         = "Aaboud, Morad and others",
      title          = "{Performance of missing transverse momentum
                        reconstruction with the ATLAS detector using proton-proton
                        collisions at $\sqrt{s}$ = 13 TeV}",
      collaboration  = "ATLAS",
      journal        = "Eur. Phys. J.",
      volume         = "C78",
      year           = "2018",
      number         = "11",
      pages          = "903",
      doi            = "10.1140/epjc/s10052-018-6288-9",
      eprint         = "1802.08168",
      archivePrefix  = "arXiv",
      primaryClass   = "hep-ex",
      reportNumber   = "CERN-EP-2017-274",
      SLACcitation   = "%%CITATION = ARXIV:1802.08168;%%"
}


@article{PhysRevD.89.072012,
  title = {Study of heavy-flavor quarks produced in association with top-quark pairs at $\sqrt{s}=7\text{ }\text{ }\mathrm{TeV}$ using the ATLAS detector},
  author = {},
  collaboration = {ATLAS Collaboration},
  journal = {Phys. Rev. D},
  volume = {89},
  issue = {7},
  pages = {072012},
  numpages = {23},
  year = {2014},
  month = {Apr},
  publisher = {American Physical Society},
  doi = {10.1103/PhysRevD.89.072012},
  url = {https://link.aps.org/doi/10.1103/PhysRevD.89.072012},
}

@article{Aad_2013,
   title={Measurement of the cross-section for W boson production in association with b-jets in pp collisions at $ \sqrt{s}=7 $ TeV with the ATLAS detector},
   volume={2013},
   ISSN={1029-8479},
   url={http://dx.doi.org/10.1007/JHEP06(2013)084},
   DOI={10.1007/jhep06(2013)084},
   number={6},
   journal={Journal of High Energy Physics},
   publisher={Springer Science and Business Media LLC},
   author={Aad, G. and Abajyan, T. and Abbott, B. and Abdallah, J. and Abdel Khalek, S. and Abdelalim, A. A. and Abdinov, O. and Aben, R. and Abi, B. and et al.},
   year={2013},
   month={Jun}
}



@techreport{MorenoLlacer:2684286,
      author        = "Moreno Llacer, Maria and Dickinson, Jennet and Cerutti,
                       Fabio and Yang, Hongtao and Wang, Haichen and Hinchliffe,
                       Ian and Shapiro, Marjorie and Schwarz, Thomas Andrew and
                       Hyneman, Rachel and Merz, Garrett and Roberts, Benjamin
                       Ryan and Liu, Yanlin and Corsetti, Sabrina and Han, Shuo
                       and Ju, Xiangyang and Miralles Lopez, Marcos",
      title         = "{Study of the $\cal{CP}$ properties of the top-quark
                       Yukawa interaction in $t\bar{t}H$ and $tH$ events with
                       $H\to~\gamma\gamma$}",
      institution   = "CERN",
      address       = "Geneva",
      number        = "ATL-COM-PHYS-2019-961",
      month         = "Jul",
      year          = "2019",
      reportNumber  = "ATL-COM-PHYS-2019-961",
      url           = "https://cds.cern.ch/record/2684286",
}

@techreport{ATLAS-CONF-2020-006,
      title         = "{Measurements of $WH$ and $ZH$ production in the
                       $H\rightarrow b\bar{b}$ decay channel in $pp$ collisions at
                       $13\,$TeV with the ATLAS detector}",
      institution   = "CERN",
      collaboration = "ATLAS Collaboration",
      address       = "Geneva",
      number        = "ATLAS-CONF-2020-006",
      month         = "Apr",
      year          = "2020",
      reportNumber  = "ATLAS-CONF-2020-006",
      url           = "https://cds.cern.ch/record/2714885",
}

@techreport{AlKhoury:2690042,
      author        = "Al Khoury, Konie and Calvet, Thomas Philippe and Ma,
                       Yanhui and Schopf, Elisabeth and Abidi, Syed Haider and
                       Ahmadov, Faig and Ambroz, Luca and Argyropoulos, Spyridon
                       and Arnold, Hannah and Atkin, Ryan Justin and Bernardi,
                       Gregorio and Bortoletto, Daniela and Buzatu, Adrian and
                       Cabras, Grazia and Calderini, Giovanni and Charman, Thomas
                       Paul and Ciungu, Bianca Monica and D'eramo, Louis and Da
                       Cunha Sargedas De Sousa, Mario Jose and Dao, Valerio and
                       Didenko, Mariya and Gargiulo, Simona and Grivaz,
                       Jean-Francois and Hays, Jonathan Michael and Jiggins,
                       Stephen and Kato, Chikuma and Ke, Yan and Klein, Matthew
                       Henry and Lee, Ava Chloe Audrey and Li, Shu and Liu, Kun
                       and Liu, Qibin and Luise, Ilaria and Mallik, Usha and
                       Marchiori, Giovanni and Masubuchi, Tatsuya and Morange,
                       Nicolas and Moser, Brian and Noguchi, Yohei and Parida,
                       Bibhuti and Piacquadio, Giacinto and Rettie, Sebastien and
                       Robson, Aidan and Scanlon, Timothy Paul and Sekula, Stephen
                       Jacob and Spiteri, Dwayne Patrick and Stamenkovic, Marko
                       and Sumida, Toshi and Thompson, Paul and Tsybychev, Dmitri
                       and Tosciri, Cecilia and Vittori, Camilla and Wang, Peilong
                       and Wang, Song-Ming and Wang, Wei and Wang, Weitao and
                       Weiser, Christian and Windischhofer, Philipp Jonas and
                       Zhang, Lei",
      title         = "{Data/Monte Carlo Modelling Studies for the Standard Model
                       $VH,H\rightarrow b\bar{b}$ Analysis}",
      institution   = "CERN",
      address       = "Geneva",
      number        = "ATL-COM-PHYS-2019-1205",
      month         = "Sep",
      year          = "2019",
      reportNumber  = "ATL-COM-PHYS-2019-1205",
      url           = "https://cds.cern.ch/record/2690042",
}

@article{Butterworth:2015oua,
    author = "Butterworth, Jon and others",
    title = "{PDF4LHC recommendations for LHC Run II}",
    eprint = "1510.03865",
    archivePrefix = "arXiv",
    primaryClass = "hep-ph",
    reportNumber = "OUTP-15-17P, SMU-HEP-15-12, TIF-UNIMI-2015-14, LCTS-2015-27, CERN-PH-TH-2015-249",
    doi = "10.1088/0954-3899/43/2/023001",
    journal = "J. Phys. G",
    volume = "43",
    pages = "023001",
    year = "2016"
}

@techreport{AlvarezPiqueras:2131232,
      author        = "Alvarez Piqueras, Damian and Beckingham, Matthew and
                       Davey, Will and Drechsler, Eric and Duschinger, Dirk and
                       Fiorini, Luca and Goussiou, Anna and Gwilliam, Carl and
                       Hamity, Guillermo Nicolas and Hauswald, Lorenz and Hyneman,
                       Rachel and Jabbar, Samina and Koneke, Karsten and Liu, Hao
                       and Mader, Wolfgang and McCarn, Allison and Moore, Roger
                       and Mori, Tatsuya and Morinaga, Masahiro and Pickering,
                       Mark Andrew and Pranko, Aliaksandr and Rompotis, Nikolaos
                       and Sales De Bruin, Pedro Henrique and Schwarz, Thomas
                       Andrew and Straessner, Arno and Tanaka, Junichi and Vickey,
                       Trevor and Zhang, Lei and Zinonos, Zinonas and
                       Blumenschein, Ulrike",
      title         = "{Search for neutral MSSM Higgs bosons $H/A \to
                       \tau_{lep}\tau_{had}$ and $Z^{\prime}\to
                       \tau_{lep}\tau_{had}$ produced in 13 TeV collisions with
                       the ATLAS detector}",
      institution   = "CERN",
      address       = "Geneva",
      number        = "ATL-COM-PHYS-2016-119",
      month         = "Feb",
      year          = "2016",
      reportNumber  = "ATL-COM-PHYS-2016-119",
      url           = "https://cds.cern.ch/record/2131232",
}

@article{Pati:1974yy,
    author = "Pati, Jogesh C. and Salam, Abdus",
    title = "{Lepton Number as the Fourth Color}",
    reportNumber = "IC-74-7",
    doi = "10.1103/PhysRevD.10.275",
    journal = "Phys. Rev. D",
    volume = "10",
    pages = "275--289",
    year = "1974",
    note = "[Erratum: Phys.Rev.D 11, 703--703 (1975)]"
}

@article{Georgi:1974sy,
    author = "Georgi, H. and Glashow, S.L.",
    title = "{Unity of All Elementary Particle Forces}",
    doi = "10.1103/PhysRevLett.32.438",
    journal = "Phys. Rev. Lett.",
    volume = "32",
    pages = "438--441",
    year = "1974"
}

@article{Dimopoulos:1979es,
    author = "Dimopoulos, Savas and Susskind, Leonard",
    editor = "Zichichi, A.",
    title = "{Mass Without Scalars}",
    reportNumber = "CU-TP-147, ITP-626-STANFORD",
    doi = "10.1016/0550-3213(79)90364-X",
    volume = "2",
    pages = "930--930",
    year = "1979"
}

@article{Dimopoulos:1979sp,
    author = "Dimopoulos, Savas",
    editor = "Zichichi, A.",
    title = "{Technicolored Signatures}",
    reportNumber = "PRINT-79-0962 (STANFORD)",
    doi = "10.1016/0550-3213(80)90277-1",
    journal = "Nucl. Phys. B",
    volume = "168",
    pages = "69--92",
    year = "1980"
}

@article{Eichten:1979ah,
    author = "Eichten, Estia and Lane, Kenneth D.",
    title = "{Dynamical Breaking of Weak Interaction Symmetries}",
    reportNumber = "HUTP-79-A062",
    doi = "10.1016/0370-2693(80)90065-9",
    journal = "Phys. Lett. B",
    volume = "90",
    pages = "125--130",
    year = "1980"
}

@article{Angelopoulos:1986uq,
    author = "Angelopoulos, V.D. and Ellis, John R. and Kowalski, H. and Nanopoulos, Dimitri V. and Tracas, N.D. and Zwirner, F.",
    title = "{Search for New Quarks Suggested by the Superstring}",
    reportNumber = "CERN-TH-4578/86, MAD/TH/86-26",
    doi = "10.1016/0550-3213(87)90637-7",
    journal = "Nucl. Phys. B",
    volume = "292",
    pages = "59--92",
    year = "1987"
}

@article{Buchmuller:1986iq,
    author = "Buchmuller, W. and Wyler, D.",
    title = "{Constraints on SU(5) Type Leptoquarks}",
    reportNumber = "CERN-TH-4461/86, ITP-UH 1/86",
    doi = "10.1016/0370-2693(86)90771-9",
    journal = "Phys. Lett. B",
    volume = "177",
    pages = "377--382",
    year = "1986"
}

@article{Lees:2013uzd,
    author = "Lees, J.P. and others",
    collaboration = "BaBar",
    title = "{Measurement of an Excess of $\bar{B} \to D^{(*)}\tau^- \bar{\nu}_\tau$ Decays and Implications for Charged Higgs Bosons}",
    eprint = "1303.0571",
    archivePrefix = "arXiv",
    primaryClass = "hep-ex",
    reportNumber = "BABAR-PUB-13-001, SLAC-PUB-15381",
    doi = "10.1103/PhysRevD.88.072012",
    journal = "Phys. Rev. D",
    volume = "88",
    number = "7",
    pages = "072012",
    year = "2013"
}

@article{Huschle:2015rga,
    author = "Huschle, M. and others",
    collaboration = "Belle",
    title = "{Measurement of the branching ratio of $\bar{B} \to D^{(\ast)} \tau^- \bar{\nu}_\tau$ relative to $\bar{B} \to D^{(\ast)} \ell^- \bar{\nu}_\ell$ decays with hadronic tagging at Belle}",
    eprint = "1507.03233",
    archivePrefix = "arXiv",
    primaryClass = "hep-ex",
    reportNumber = "KEK-REPORT-2015-18",
    doi = "10.1103/PhysRevD.92.072014",
    journal = "Phys. Rev. D",
    volume = "92",
    number = "7",
    pages = "072014",
    year = "2015"
}

@article{PhysRevLett.115.159901,
  title = {Publisher's Note: Measurement of the Ratio of Branching Fractions $\mathcal{B}({\overline{B}}^{0}\ensuremath{\rightarrow}{D}^{*+}{\ensuremath{\tau}}^{\ensuremath{-}}{\overline{\ensuremath{\nu}}}_{\ensuremath{\tau}})/\mathcal{B}({\overline{B}}^{0}\ensuremath{\rightarrow}{D}^{*+}{\ensuremath{\mu}}^{\ensuremath{-}}{\overline{\ensuremath{\nu}}}_{\ensuremath{\mu}})$ [Phys. Rev. Lett. 115, 111803 (2015)]},
  author = {Aaij, R. and Anonymous},
  collaboration = {LHCb Collaboration},
  journal = {Phys. Rev. Lett.},
  volume = {115},
  issue = {15},
  pages = {159901},
  numpages = {1},
  year = {2015},
  month = {Oct},
  publisher = {American Physical Society},
  doi = {10.1103/PhysRevLett.115.159901},
  url = {https://link.aps.org/doi/10.1103/PhysRevLett.115.159901}
}

@article{Aaij:2017vbb,
    author = "Aaij, R. and others",
    collaboration = "LHCb",
    title = "{Test of lepton universality with $B^{0} \rightarrow K^{*0}\ell^{+}\ell^{-}$ decays}",
    eprint = "1705.05802",
    archivePrefix = "arXiv",
    primaryClass = "hep-ex",
    reportNumber = "LHCB-PAPER-2017-013, CERN-EP-2017-100",
    doi = "10.1007/JHEP08(2017)055",
    journal = "JHEP",
    volume = "08",
    pages = "055",
    year = "2017"
}

@article{Aaij:2019wad,
    author = "Aaij, Roel and others",
    collaboration = "LHCb",
    title = "{Search for lepton-universality violation in $B^+\to K^+\ell^+\ell^-$ decays}",
    eprint = "1903.09252",
    archivePrefix = "arXiv",
    primaryClass = "hep-ex",
    reportNumber = "LHCb-PAPER-2019-009, CERN-EP-2019-043, LHCb-PAPER-2019-009 CERN-EP-2019-043",
    doi = "10.1103/PhysRevLett.122.191801",
    journal = "Phys. Rev. Lett.",
    volume = "122",
    number = "19",
    pages = "191801",
    year = "2019"
}

@techreport{Anders:2125718,
      author        = "Anders, John Kenneth and D'Onofrio, Monica",
      title         = "{V+Jets theoretical uncertainties estimation via a
                       parameterisation method}",
      institution   = "CERN",
      address       = "Geneva",
      number        = "ATL-COM-PHYS-2016-044",
      month         = "Jan",
      year          = "2016",
      reportNumber  = "ATL-COM-PHYS-2016-044",
      url           = "https://cds.cern.ch/record/2125718",
}

@article{Baldi:2016fzo,
    author = "Baldi, Pierre and Cranmer, Kyle and Faucett, Taylor and Sadowski, Peter and Whiteson, Daniel",
    title = "{Parameterized neural networks for high-energy physics}",
    eprint = "1601.07913",
    archivePrefix = "arXiv",
    primaryClass = "hep-ex",
    doi = "10.1140/epjc/s10052-016-4099-4",
    journal = "Eur. Phys. J. C",
    volume = "76",
    number = "5",
    pages = "235",
    year = "2016"
}

@book{Goodfellow-et-al-2016,
    title={Deep Learning},
    author={Ian Goodfellow and Yoshua Bengio and Aaron Courville},
    publisher={MIT Press},
    note={\url{http://www.deeplearningbook.org}},
    year={2016}
}

@article{bJetCorr,
    author = "{ATLAS Collaboration}",
    title = "{\bjet Corrections}",
   url = "https://twiki.cern.ch/twiki/bin/viewauth/AtlasProtected/BJetCorrectionsHowTo",
}

@article{isoWP,
    author = "{ATLAS Collaboration}",
    title = "{Recommended Isolation Working Points}",
   url = "https://twiki.cern.ch/twiki/bin/viewauth/AtlasProtected/RecommendedIsolationWPs#Muon_working_points",
}
@article{olrAssociationUtils,
    author = "{ATLAS Collaboration}",
    title = "{ATLAS Overlap Removal Tool: AssociationUtils}",
   url = "https://gitlab.cern.ch/atlas/athena/tree/21.2/PhysicsAnalysis/AnalysisCommon/AssociationUtils/",
}
@article{olrWorkingPoints,
    author = "{ATLAS Collaboration}",
    title = "{Recommended Overlap Removal Working Points}",
   url = "https://indico.cern.ch/event/631313/contributions/2683959/attachments/1518878/2373377/Farrell_ORTools_ftaghbb.pdf",
}

@techreport{ATL-COM-PHYS-2020-148,
      author        = "Adelman, Jahred and Beisiegel, Florian and Belfkir,
                       Mohamed and Berger, Nicolas and Brost, Elizabeth and Burch,
                       Tyler James and Cairo, Valentina Maria and Chan, Chen-Hsun
                       and D'eramo, Louis and D'onofrio, Adelina and Escalier,
                       Marc and Fayard, Louis and Fiorini, Luca and Guo, Linghua
                       and Han, Shuo and Huang, Yanping and Hulsken, Raphael and
                       Jezequel, Stephane and Lenz, Tatjana and Pearkes, Jannicke
                       and Pereira Sanchez, Laura and Petit, Elisabeth and Ran,
                       Kunlin and Readioff, Nathan Peter and Robinson, James and
                       Ruiz-Martinez, Aranzazu and Sayago Galvan, Ivan and Stark,
                       Jan and Strandberg, Jonas and Strandberg, Sara Kristina and
                       Taylor, Alan James and Vernieri, Caterina and Wang, Alex
                       Zeng and Wu, Sau Lan and Zhou, Chen and Chen, Feng and
                       Bernardi, Gregorio and Carminati, Leonardo and Nelson,
                       Michael Edward and Li, Ang and Li, Changqiao and Liu, Kun
                       and Manzoni, Stefano and Marchiori, Giovanni and Mazzeo,
                       Elena and Timoshyn, Denys and Wendt, David Kyle and
                       Lundberg, Olof and Stamas, Brianna and Merz, Garrett
                       William and Cheng, Alkaid and Turra, Ruggero and De Vivie
                       De Regie, Jean-Baptiste and Dingfelder, Jochen Christian
                       and Zhang, Rui and Jin, Shan and Yang, Haijun and Jia,
                       Zihang",
      title         = "{Search for Higgs boson pair production in the
                       $b\bar{b}\gamma\gamma$ final state with the full Run 2 13
                       TeV pp collision data collected by the ATLAS Experiment
                       Supporting note.}",
      institution   = "CERN",
      address       = "Geneva",
      number        = "ATL-COM-PHYS-2020-148",
      month         = "Mar",
      year          = "2020",
      reportNumber  = "ATL-COM-PHYS-2020-148",
      url           = "https://cds.cern.ch/record/2711865",
}

@article{tmva,
    author = "Hocker, Andreas and others",
    title = "{TMVA - Toolkit for Multivariate Data Analysis}",
    eprint = "physics/0703039",
    archivePrefix = "arXiv",
    reportNumber = "CERN-OPEN-2007-007",
    month = "3",
    year = "2007"
}

@misc{keras,
  title={Keras},
  author={Chollet, Fran\c{c}ois and others},
  year={2015},
  howpublished={\url{https://keras.io}},
}

@misc{tensorflow,
  title={ {TensorFlow}: Large-Scale Machine Learning on Heterogeneous Systems},
  url={https://www.tensorflow.org/},
  note={Software available from tensorflow.org},
  year={2015},
}

@article{Aad_2020,
   title={Search for non-resonant Higgs boson pair production in the $bb\ell\nu\ell\nu$ final state with the ATLAS detector in $pp$ collisions at $\sqrt{s}$=13 TeV},
   volume={801},
   ISSN={0370-2693},
   url={http://dx.doi.org/10.1016/j.physletb.2019.135145},
   DOI={10.1016/j.physletb.2019.135145},
   journal={Physics Letters B},
   publisher={Elsevier BV},
   author={Aad, G. and Abbott, B. and Abbott, D.C. and Abed Abud, A. and Abeling, K. and Abhayasinghe, D.K. and Abidi, S.H. and AbouZeid, O.S. and Abraham, N.L. and Abramowicz, H. and et al.},
   year={2020},
   month={Feb},
   pages={135145}
}

@techreport{Olsson:2765838,
      author        = "Olsson, Mats Joakim Robert and Li, Bing and Antrim, Daniel
                       Joseph and Armstrong, Alexander and Benchekroun, Driss and
                       Chen, Chaosong and El Moussaouy, Ali and Ferrari, Pamela
                       and Kagan, Harris and Li, Chihao and Manzoni, Stefano and
                       Mete, Alaettin Serhan and Pittman, Caeley Victoria and
                       Pizzini, Alessio and Roland, Benoit and Rottler, Benjamin
                       and Schumacher, Markus and Shrestha, Suyog and Sun, Xiaohu
                       and Taffard, Anyes and Wollrath, Julian and Wu, Yusheng and
                       Wu, Zhenyu and Yang, Zhe and Ye, Xinmeng and Zhang, Shuzhou
                       and Zhang, Xiuyuan and Zhao, Zhengguo and Zhou, Bing",
      title         = "{Search for Higgs boson pair production in
                       $2b+2l+E^{miss}_T$ final states in pp collisions at
                       $\sqrt{s} = 13~\mathrm{TeV}$ with the ATLAS Experiment}",
      institution   = "CERN",
      address       = "Geneva",
      reportNumber  = "ATL-COM-PHYS-2021-202",
      month         = "May",
      year          = "2021",
      url           = "https://cds.cern.ch/record/2765838",
}

@article{Dreyer_2018,
   title={Vector-boson fusion Higgs pair production at N3LO},
   volume={98},
   ISSN={2470-0029},
   url={http://dx.doi.org/10.1103/PhysRevD.98.114016},
   DOI={10.1103/physrevd.98.114016},
   number={11},
   journal={Physical Review D},
   publisher={American Physical Society (APS)},
   author={Dreyer, Frédéric A. and Karlberg, Alexander},
   year={2018},
   month={Dec}
}

@article{LEE2010,
    author = {Gross, Eilam and Vitells, Ofer},
    year = {2010},
    month = {05},
    pages = {},
    title = {Trial factors for the look elsewhere effect in high energy physics},
    volume = {70},
    journal = {European Physical Journal C - EUR PHYS J C},
    doi = {10.1140/epjc/s10052-010-1470-8}
}