@article{ATLAS-CONF-2010-069,
    author         = "{ATLAS Collaboration}",
    title          = "{Performance of primary vertex reconstruction in proton--proton collisions at \(\sqrt{s} = 7~\text{TeV}\) in the ATLAS experiment}",
    howpublished   = "{ATLAS-CONF-2010-069}",
    url            = "https://cds.cern.ch/record/1281344",
    year           = "2010",
}
@article{CCA,
author = {Rosenfeld, Azriel and Pfaltz, John L.},
title = {Sequential Operations in Digital Picture Processing},
year = {1966},
issue_date = {Oct. 1966},
publisher = {Association for Computing Machinery},
address = {New York, NY, USA},
volume = {13},
number = {4},
issn = {0004-5411},
url = {https://doi.org/10.1145/321356.321357},
doi = {10.1145/321356.321357},
journal = {J. ACM},
month = oct,
pages = {471–494},
numpages = {24}
}
@Article{PERF-2015-08,
    author         = "{ATLAS Collaboration}",
    title          = "{Performance of the ATLAS track reconstruction algorithms in dense environments in LHC Run~2}",
    journal        = "Eur. Phys. J. C",
    volume         = "77",
    year           = "2017",
    pages          = "673",
    doi            = "10.1140/epjc/s10052-017-5225-7",
    reportNumber   = "CERN-EP-2017-045",
    eprint         = "1704.07983",
    archivePrefix  = "arXiv",
    primaryClass   = "hep-ex",
}
@article{FRUHWIRTH1987444,
title = {Application of Kalman filtering to track and vertex fitting},
journal = {Nuclear Instruments and Methods in Physics Research Section A: Accelerators, Spectrometers, Detectors and Associated Equipment},
volume = {262},
number = {2},
pages = {444-450},
year = {1987},
issn = {0168-9002},
doi = {https://doi.org/10.1016/0168-9002(87)90887-4},
url = {https://www.sciencedirect.com/science/article/pii/0168900287908874},
author = {R. Frühwirth},
abstract = {Recently iterative procedures have been proposed for track and vertex fitting in counter experiments. We show that the proper theoretical framework for these procedures is the theory of linear filtering, in particular the Kalman filter. Using results from filtering theory we confirm and extend the previous results. We also discuss the detection of outliers and of secondary vertices.}
}

@Article{PERF-2017-01,
    author         = "{ATLAS Collaboration}",
    title          = "{Electron reconstruction and identification in the ATLAS experiment using the 2015 and 2016 LHC proton--proton collision data at \(\sqrt{s} = 13\,\text{TeV}\)}",
    journal        = "Eur. Phys. J. C",
    volume         = "79",
    year           = "2019",
    pages          = "639",
    doi            = "10.1140/epjc/s10052-019-7140-6",
    reportNumber   = "CERN-EP-2018-273",
    eprint         = "1902.04655",
    archivePrefix  = "arXiv",
    primaryClass   = "hep-ex",
}

@techreport{Lampl:1099735,
      author        = "Lampl, W and Laplace, S and Lelas, D and Loch, P and Ma, H
                       and Menke, S and Rajagopalan, S and Rousseau, D and Snyder,
                       S and Unal, G",
      title         = "{Calorimeter Clustering Algorithms: Description and
                       Performance}",
      institution   = "CERN",
      address       = "Geneva",
      reportNumber  = "ATL-LARG-PUB-2008-002, ATL-COM-LARG-2008-003",
      month         = "Apr",
      year          = "2008",
      url           = "https://cds.cern.ch/record/1099735",
}

@techreport{sliding-window,
      author        = "Lampl, W and Laplace, S and Lelas, D and Loch, P and Ma, H
                       and Menke, S and Rajagopalan, S and Rousseau, D and Snyder,
                       S and Unal, G",
      title         = "{Calorimeter Clustering Algorithms: Description and
                       Performance}",
      institution   = "CERN",
      address       = "Geneva",
      reportNumber  = "ATL-LARG-PUB-2008-002, ATL-COM-LARG-2008-003",
      month         = "Apr",
      year          = "2008",
      url           = "https://cds.cern.ch/record/1099735",
}
@article{ATLAS-CONF-2012-047,
    author         = "{ATLAS Collaboration}",
    title          = "{Improved electron reconstruction in ATLAS using the Gaussian Sum Filter-based model for bremsstrahlung}",
    howpublished   = "{ATLAS-CONF-2012-047}",
    url            = "https://cds.cern.ch/record/1449796",
    year           = "2012",
}
@Article{CERN-EP-2020-199,
    author         = "{ATLAS Collaboration}",
    title          = "{Muon reconstruction and identification efficiency in ATLAS using the full Run 2 \(pp\) collision data set at \(\sqrt{s} = 13\,\text{TeV}\)}",
    journal        = "Eur. Phys. J. C",
    volume         = "81",
    year           = "2020",
    pages          = "578",
    doi            = "10.1140/epjc/s10052-021-09233-2",
    reportNumber   = "CERN-EP-2020-199",
    eprint         = "2012.00578",
    archivePrefix  = "arXiv",
    primaryClass   = "hep-ex",
}
@article{ILLINGWORTH198887,
title = {A survey of the hough transform},
journal = {Computer Vision, Graphics, and Image Processing},
volume = {44},
number = {1},
pages = {87-116},
year = {1988},
issn = {0734-189X},
doi = {https://doi.org/10.1016/S0734-189Xatlas2020muon88)80033-1},
url = {https://www.sciencedirect.com/science/article/pii/S0734189X88800331},
author = {J. Illingworth and J. Kittler},
}
@Article{PERF-2015-10,
    author         = "{ATLAS Collaboration}",
    title          = "{Muon reconstruction performance of the ATLAS detector in proton--proton collision data at \(\sqrt{s} = 13\,\text{TeV}\)}",
    journal        = "Eur. Phys. J. C",
    volume         = "76",
    year           = "2016",
    pages          = "292",
    doi            = "10.1140/epjc/s10052-016-4120-y",
    reportNumber   = "CERN-EP-2016-033",
    eprint         = "1603.05598",
    archivePrefix  = "arXiv",
    primaryClass   = "hep-ex",
}
@inproceedings{atkin2015review,
  title={Review of jet reconstruction algorithms},
  author={Atkin, Ryan},
  booktitle={Journal of Physics: Conference Series},
  volume={645},
  number={1},
  pages={012008},
  year={2015},
  organization={IOP Publishing}
}
@article{Aad_2017,
   title={Topological cell clustering in the ATLAS calorimeters and its performance in LHC Run 1},
   volume={77},
   ISSN={1434-6052},
   url={http://dx.doi.org/10.1140/epjc/s10052-017-5004-5},
   DOI={10.1140/epjc/s10052-017-5004-5},
   number={7},
   journal={The European Physical Journal C},
   publisher={Springer Science and Business Media LLC},
   author={ATLAS Collaboration},
   year={2017},
   month={Jul}
}
@article{Cacciari_2008,
	doi = {10.1088/1126-6708/2008/04/063},
	url = {https://doi.org/10.1088/1126-6708/2008/04/063},
	year = 2008,
	month = {apr},
	publisher = {Springer Science and Business Media {LLC}},
	volume = {2008},
	number = {04},
	pages = {063--063},
	author = {Matteo Cacciari and Gavin P Salam and Gregory Soyez},
	title = {The anti-$k_t$ jet clustering algorithm},
	journal = {Journal of High Energy Physics},
}

@Article{PERF-2016-04,
    author         = "{ATLAS Collaboration}",
    title          = "{Jet energy scale measurements and their systematic uncertainties in proton--proton collisions at \(\sqrt{s} = 13\,\text{TeV}\) with the ATLAS detector}",
    journal        = "Phys. Rev. D",
    volume         = "96",
    year           = "2017",
    pages          = "072002",
    doi            = "10.1103/PhysRevD.96.072002",
    reportNumber   = "CERN-EP-2017-038",
    eprint         = "1703.09665",
    archivePrefix  = "arXiv",
    primaryClass   = "hep-ex",
}
@Article{JETM-2018-05,
    author         = "{ATLAS Collaboration}",
    title          = "{Jet energy scale and resolution measured in proton--proton collisions at \(\sqrt{s} = 13\,\text{TeV}\) with the ATLAS detector}",
    year           = "2020",
    reportNumber   = "CERN-EP-2020-083",
    eprint         = "2007.02645",
    archivePrefix  = "arXiv",
    primaryClass   = "hep-ex",
}
@article{ATLAS-CONF-2014-018,
    author         = "{ATLAS Collaboration}",
    title          = "{Tagging and suppression of pileup jets with the ATLAS detector}",
    howpublished   = "{ATLAS-CONF-2014-018}",
    url            = "https://cds.cern.ch/record/1700870",
    year           = "2014",
}
@techreport{ATL-PHYS-PUB-2019-033,
      title         = "{Identification of hadronic tau lepton decays using neural
                       networks in the ATLAS experiment}",
      institution   = "CERN",
      collaboration = "ATLAS Collaboration",
      address       = "Geneva",
      reportNumber  = "ATL-PHYS-PUB-2019-033",
      month         = "Aug",
      year          = "2019",
      url           = "https://cds.cern.ch/record/2688062",

}

@article{PDG,
	doi = {10.1088/1674-1137/38/9/090001},
	url = {https://doi.org/10.1088/1674-1137/38/9/090001},
	year = 2014,
	month = {aug},
	publisher = {{IOP} Publishing},
	volume = {38},
	number = {9},
	pages = {090001},
	author = {K.A. Olive \textit{et. al.}, (Particle Data Group)},
	title = {Review of Particle Physics},
}
@article{MET2018,
   title={Performance of missing transverse momentum reconstruction with the ATLAS detector using proton–proton collisions at $\sqrt{s}=13~\hbox {TeV}$},
   volume={78},
   ISSN={1434-6052},
   url={http://dx.doi.org/10.1140/epjc/s10052-018-6288-9},
   DOI={10.1140/epjc/s10052-018-6288-9},
   number={11},
   journal={The European Physical Journal C},
   publisher={Springer Science and Business Media LLC},
   author={Aaboud, M. \textit{et. al.}},
   year={2018},
   month={Nov}
}

@article{ORTool,
title={ATLAS Overlap Removal Tool: AssociationUtils},
author={ATLAS Collaboration},
url={https://gitlab.cern.ch/atlas/athena/tree/21.2/PhysicsAnalysis/AnalysisCommon/AssociationUtils/},
}

@Article{EGAM-2018-01,
    author         = "{ATLAS Collaboration}",
    title          = "{Electron and photon performance measurements with the ATLAS detector using the 2015--2017 LHC proton--proton collision data}",
    journal        = "JINST",
    volume         = "14",
    year           = "2019",
    pages          = "P12006",
    doi            = "10.1088/1748-0221/14/12/P12006",
    reportNumber   = "CERN-EP-2019-145",
    eprint         = "1908.00005",
    archivePrefix  = "arXiv",
    primaryClass   = "hep-ex",
}
@Article{MuonWP,
    author         = "{ATLAS Collaboration}",
    title          = "{Recommended isolation working points}",
    url = "https://twiki.cern.ch/twiki/bin/viewauth/AtlasProtected/RecommendedIsolationWPs#Muon_working_points",
}
@Article{HIGG-2016-16,
    author         = "{ATLAS Collaboration}",
    title          = "{A search for resonant and non-resonant Higgs boson pair production in the \(b\bar{b} \tau^+\tau^-\) decay channel in \(pp\) collisions at \(\sqrt{s} = 13\,\text{TeV}\) with the ATLAS detector}",
    journal        = "Phys. Rev. Lett.",
    volume         = "121",
    year           = "2018",
    pages          = "191801",
    doi            = "10.1103/PhysRevLett.121.191801",
    reportNumber   = "CERN-EP-2018-164",
    eprint         = "1808.00336",
    archivePrefix  = "arXiv",
    primaryClass   = "hep-ex",
    related        = "HIGG-2016-16-err",
    relatedstring  = "Erratum:",
}

@Article{PERF-2015-09,
    author         = "{ATLAS Collaboration}",
    title          = "{Jet reconstruction and performance using particle flow with the ATLAS Detector}",
    journal        = "Eur. Phys. J. C",
    volume         = "77",
    year           = "2017",
    pages          = "466",
    doi            = "10.1140/epjc/s10052-017-5031-2",
    reportNumber   = "CERN-EP-2017-024",
    eprint         = "1703.10485",
    archivePrefix  = "arXiv",
    primaryClass   = "hep-ex",
}
@article{VRTrackJet,
	doi = {10.1088/1126-6708/2009/06/059},
	url = {https://doi.org/10.1088/1126-6708/2009/06/059},
	year = 2009,
	month = {jun},
	publisher = {Springer Science and Business Media {LLC}},
	volume = {2009},
	number = {06},
	pages = {059--059},
	author = {David Krohn and Jesse Thaler and Lian-Tao Wang},
	title = {Jets with variable R},
}
@article{ATL-PHYS-PUB-2015-045,
    author         = "{ATLAS Collaboration}",
    title          = "{Reconstruction, Energy Calibration, and Identification of Hadronically Decaying Tau Leptons in the ATLAS Experiment for Run-2 of the LHC}",
    howpublished   = "{ATL-PHYS-PUB-2015-045}",
    url            = "https://cds.cern.ch/record/2064383",
    year           = "2015",
}
@article{ATLAS-CONF-2017-029,
    author         = "{ATLAS Collaboration}",
    title          = "{Measurement of the tau lepton reconstruction and identification performance in the ATLAS experiment using \(pp\) collisions at \(\sqrt{s} = 13~\text{TeV}\)}",
    howpublished   = "{ATLAS-CONF-2017-029}",
    url            = "https://cds.cern.ch/record/2261772",
    year           = "2017",
}

@Article{CERN-PH-EP-2015-304,
    author         = "{ATLAS Collaboration}",
    title          = "{Topological cell clustering in the ATLAS calorimeters and its performance in LHC Run~1}",
    journal        = "Eur. Phys. J. C",
    volume         = "77",
    year           = "2017",
    pages          = "490",
    doi            = "10.1140/epjc/s10052-017-5004-5",
    reportNumber   = "CERN-PH-EP-2015-304",
    eprint         = "1603.02934",
    archivePrefix  = "arXiv",
    primaryClass   = "hep-ex",
}
